@PREAMBLE{
{\providecommand\seen{seen }
\providecommand\webpageat{web page at }
\providecommand\svnrepoat{Subversion repository at }
\providecommand\January{January}
\providecommand\February{February}
\providecommand\March{March}
\providecommand\April{April}
\providecommand\May{May}
\providecommand\June{June}
\providecommand\July{July}
\providecommand\August{August}
\providecommand\September{September}
\providecommand\October{October}
\providecommand\November{November}
\providecommand\December{December}
\providecommand\AUSTRALIA{Australia}
\providecommand\url[1]{\texttt{#1}}
}
}

@Book{wikinomics,
  author =   {Don Tapscott and Anthony D. Williams},
  title =    {Wikinomics -- How Mass Collaboration Changes Everything},
  publisher =    {Portfolio},
  year =     {2006},
}

@InProceedings{hales:DSP:2006:432,
  author =      {Thomas C. Hales},
  title =       {Introduction to the Flyspeck Project},
  booktitle =   {Mathematics, Algorithms, Proofs},
  year =        2006,
  editor =      {Thierry Coquand and Henri Lombardi and Marie-Fran{\c{c}}oise Roy},
  number =      05021,
  series =      {Dagstuhl Seminar Proceedings},
  ISSN =        {1862-4405},
  publisher =   {Internationales Begegnungs- und Forschungszentrum fuer Informatik (IBFI), Schloss Dagstuhl, Germany},
  address =  {Dagstuhl, Germany},
  URL =      {http://drops.dagstuhl.de/opus/volltexte/2006/432
                 [date of citation: 2006-01-01]},
  note =        {$<$http://drops.dagstuhl.de/opus/volltexte/2006/432$>$
                 [date of citation: 2006-01-01]},
  annote =   {Keywords: Certified proofs, Kepler conjecture},
}

@PROCEEDINGS{semwiki06,
  title = {1st Workshop on Semantic Wikis},
  year = 2006,
  editor = {Max V{\"o}lkel and Sebastian Schaffert and Stefan Decker},
  volume = 206,
  series = {CEUR Workshop Proceedings},
  address = {Budva, Montenegro},
  month = jun,
  booktitle = {Proceedings of the 1st Workshop on Semantic Wikis, {European} {Semantic} {Web} {Conference} 2006},
  key = {SemWiki06}
}

@INPROCEEDINGS{OrDeMoVoHa06:annotation-navigation-semwiki,
  author = {Eyal Oren and Renaud Delbru and Knud M{\"o}ller and Max V{\"o}lkel and Siegfried Handschuh},
  firstkey = {Oren, Delbru, M{\"o}ller, V{\"o}lkel, \& Handschuh},
  title = {Annotation and Navigation in Semantic Wikis},
  crossref = {semwiki06}
}

@inproceedings{KrSchVr:semwiki-reasoning07,
  author    = {Markus Kr{\"o}tzsch and Sebastian Schaffert and Denny Vrande{\v c}i{\'c}},
  title     = {Reasoning in Semantic Wikis},
  year      = {2007},
 booktitle = {Proceedings of the 3rd Reasoning Web Summer School, Dresden, Germany},
 editor = {Grigoris Antoniou and Uwe A{\ss}mann and Cristina Baroglio and Stefan Decker and Nicola Henze and Paula-Lavinia P{\u a}tr{\^ a}njan and Robert Tolksdorf},
 publisher = {Springer},
 series = {LNCS},
 volume = {4636},
 pages  = {310--329},
 month = sep,
 url = {\url{http://korrekt.org/talks/2007/Kroetzsch_Reasoning_Web_Semantic_Wikis_2007.pdf}},
}

@TECHREPORT{CarlisleEd:MathML07,
  author = {Ron Ausbrooks and Bert Bos and Olga Caprotti and David Carlisle and
      Giorgi Chavchanidze and Ananth Coorg and Stéphane Dalmas and Stan Devitt
      and Sam Dooley and Margaret Hinchcliffe and Patrick Ion and Michael
      Kohlhase and Azzeddine Lazrek and Dennis Leas and Paul Libbrecht and
      Manolis Mavrikis and Bruce Miller and Robert Miner and Murray Sargent
      and Kyle Siegrist and Neil Soiffer and Stephen Watt and Mohamed
      Zergaoui},
  title = {{M}athematical {M}arkup {L}anguage ({MathML}) Version 3.0},
  institution = {World Wide Web Consortium},
  year = {2007},
  type = {{W3C} Working Draft},
  note = {Available at \url{http://www.w3.org/TR/MathML3}},
  editor = {David Carlisle and Patrick Ion and Rober Miner},
  key = {Carlisle},
  url = {http://www.w3.org/TR/MathML3}
}

@INPROCEEDINGS{KohSuc:asemf06,
  author = {Michael Kohlhase and Ioan {\c{S}}ucan},
  title = {A Search Engine for Mathematical Formulae},
  pages = {241--253},
  crossref = {AISC06}
}

@MISC{flyspeck:web,
  key = {Flyspeck},
  author = {Thomas C. Hales and Sean McLaughlin and others},
  title =    {{The Flyspeck project}},
  howpublished = {\url{http://code.google.com/p/flyspeck/}},
  month =    {\seen November},
  year =     2007,
}

@InProceedings{Groza:SALT07,
  author =   {Tudor Groza and Knud Möller and Siegfried Handschuh and Diana Trif and Stefan Decker},
  title =    {SALT: Weaving the Claim Web},
  crossref =     {iswc2007},
  pages =    {197--210},
}

@Proceedings{iswc2007,
  editor    = {Karl Aberer and
               Key-Sun Choi and
               Natasha Fridman Noy and
               Dean Allemang and
               Kyung-Il Lee and
               Lyndon J. B. Nixon and
               Jennifer Golbeck and
               Peter Mika and
               Diana Maynard and
               Riichiro Mizoguchi and
               Guus Schreiber and
               Philippe Cudr{\'e}-Mauroux},
  title     = {The Semantic Web, 6th International Semantic Web Conference,
               2nd Asian Semantic Web Conference, ISWC 2007 + ASWC 2007,
               Busan, Korea, November 11-15, 2007},
  booktitle = {ISWC/ASWC},
  publisher = {Springer},
  series    = {Lecture Notes in Computer Science},
  volume    = {4825},
  year      = {2007},
  isbn      = {978-3-540-76297-3},
}

@MISC{OMDocDocOnto:web,
  author = {Christoph Lange},
  title = {The {OMDoc} Document Ontology},
  howpublished = {\webpageat\url{http://kwarc.info/projects/docOnto/omdoc.html}},
  month = {seen November},
  year = 2007}

@MISC{swim-roadmap,
  title = {{\sc{SWiM}} Development Roadmap},
  author = {Christoph Lange},
  howpublished = {\webpageat\url{https://trac.kwarc.info/swim/roadmap/}},
  month = {seen November},
  year = 2007}

@inproceedings{Lange:SWiMSciColl07,
    title = {Towards Scientific Collaboration in a Semantic Wiki},
    author = {Christoph Lange},
        crossref = {SemNet2007}
}

@MISC{mmlkit:web,
  key = {mmlkit},
  author = {Christine M{\"u}ller and Normen M{\"u}ller and Michael Kohlhase},
  title =    {mmlkit - a toolkit for rendering mathematical content objects},
  howpublished = {mmlkit v0.1 at \url{http://kwarc.info/projects/mmlkit}},
  month =    {\seen November},
  year =     2007,
}

@INCOLLECTION{Kohlhase:albwo06,
  author = {Michael Kohlhase},
  title = {{\stex}: A {\LaTeX}-Based Workflow for {OMDoc}},
  chapter = {26.15},
  crossref = {Kohlhase:omdoc1.2}
}

@MISC{SIOC:web,
  key = {SIOC},
  title = {{SIOC -- Semantically-Interlinked Online Communities}},
  note = {project web page at \url{http://sioc-project.org/}},
  month = {seen December},
  year = 2007}

@inproceedings{Polleres:SPARQL-Rules07,
 author = {Axel Polleres},
 title = {From {SPARQL} to rules (and back)},
 booktitle = {WWW '07: Proceedings of the 16th international conference on World Wide Web},
 year = 2007,
 isbn = {978-1-59593-654-7},
 pages = {787--796},
 location = {Banff, Alberta, Canada},
 publisher = {ACM},
}


@InProceedings{KohMueMue:dfncimk07,
  author = {Michael Kohlhase and Christine M{\"u}ller and Normen M{\"u}ller},
  title = {Documents with flexible Notation Contexts as Interfaces to Mathematical Knowledge},
  crossref = {MathUI07}}

@inproceedings{Grue:Logiweb07,
  author    = {Klaus Grue},
  title     = {The Layers of {Logiweb}},
  pages     = {250-264},
  crossref  = {MKM07},
}

@inproceedings{CorKal:CoopReposFormalProofs07,
  author    = {Pierre Corbineau and
               Cezary Kaliszyk},
  title     = {Cooperative Repositories for Formal Proofs},
  pages     = {221-234},
  crossref  = {MKM07},
}

@BOOK{Kohlhase:omdoc1.2,
  title = {{\sc OMDoc} -- An open markup format for mathematical documents [Version 1.2]},
  booktitle = {{\sc OMDoc} -- An open markup format for mathematical documents [Version
    1.2]},
  publisher = {Springer Verlag},
  year = {2006},
  author = {Michael Kohlhase},
  number = {4180},
  series = {LNAI}
}

@BOOK{leuf01:wikiway,
  title = {{The} {Wiki} {Way}: Collaboration and Sharing on the Internet},
  publisher = {Addison-Wesley Professional},
  year = {2001},
  author = {Bo Leuf and Ward Cunningham},
  comment = {clange read 100\%},
  isbn = {0-201-71499-X}
}

@PROCEEDINGS{AISC06,
  title = {Proceedings of Artificial Intelligence and Symbolic Computation,
    {AISC}'2006},
  year = {2006},
  editor = {Tetsuo Ida and Jacques Calmet and Dongming Wang},
  number = {4120},
  series = {LNAI},
  publisher = {Springer Verlag},
  booktitle = {Proceedings of Artificial Intelligence and Symbolic Computation,
    {AISC}'2006}
}

@Proceedings{SemNet2007,
    booktitle = {Bridging the Gap between Semantic Web and Web 2.0 (SemNet 2007)},
    editor =     {Andreas Hotho and Bettina Hoser},
    year =   {2007},
}

@Proceedings{MathUI07,
  editor =   {Paul Libbrecht},
  title =    {Mathematical User-Interfaces Workshop 2007 at MKM},
  booktitle =    {Mathematical User Interfaces Workshop 2007},
  howpublished = {online at {\url{http://www.activemath.org/~paul/MathUI07}}},
  year =     2007
}

@PROCEEDINGS{MKM07,
  title = {{MKM/Calculemus} 2007},
  booktitle = {Towards Mechanized Mathematical Assistants. {MKM/Calculemus} 2007},
  year = {2007},
  editor = {Manuel Kauers and Manfred Kerber and Robert Miner and Wolfgang Windsteiger},
  number = {4573},
  series = {LNAI},
  publisher = {Springer Verlag}
}

@Proceedings{LWA07,
  editor =   {Alexander Hinneburg},
  title =    {Wissens- und Erfahrungsmanagement LWA (Lernen, Wissensentdeckung und Adaptivit{\"a}t) conference proceedings},
  booktitle = {Wissens- und Erfahrungsmanagement LWA (Lernen, Wissensentdeckung und Adaptivit{\"a}t) conference proceedings},
  institution = {Martin-Luther University Halle-Wittenberg},
  year =     2007,
  url = {http://kwarc.info/nmueller/papers/lwa07.pdf}}

@Misc{AMS:MSC2000,
  author =	 {American Mathematical Society},
  title =	 {2000 Mathematics Subject Classification},
  howpublished = {http://www.ams.org/msc/},
  year =	 {2000},
}

