%Systems and applications
@inproceedings{comparing,
    AUTHOR = {F. Wiedijk},
    TITLE = {Comparing mathematical provers},
    BOOKTITLE = {Proceedings of Mathematical Knowledge Management},
    YEAR = {2003},
    EDITOR = {A. Asperti and B. Buchberger and J. Davenport},
    PAGES = {188-202},
    PUBLISHER = {Springer},
}

@inproceedings{pvs,
    AUTHOR = {S. Owre and J. M. Rushby and N. Shankar},
    TITLE = {{PVS}: A Prototype Verification System},
    BOOKTITLE = {11th International Conference on Automated Deduction (CADE)},
    YEAR = {1992},
    EDITOR = {Deepak Kapur},
    SERIES = {Lecture Notes in Artificial Intelligence},
    VOLUME = {607},
    PAGES = {748--752},
    ADDRESS = {Saratoga, {NY}},
    PUBLISHER = {Springer},
}

@TECHREPORT{pvssemantics,
	author = "S. Owre and N. Shankar",
	title = "The formal semantics of {PVS}",
	institution = "SRI International",
	year = "1997",
	number = "SRI-CSL-97-2",
}

@book{nuprl,
  author =    "R. Constable and S. Allen and H. Bromley and W. Cleaveland and J. Cremer and R. Harper and D. Howe and T. Knoblock and N. Mendler and P. Panangaden and J. Sasaki and S. Smith",
  title =     "Implementing Mathematics with the Nuprl Development System",
  publisher = "Prentice-Hall",
  year =      1986,
}
  
@Book{isabelle,
  author =	"L. Paulson",
  title =	"{Isabelle: A Generic Theorem Prover}",
  publisher =	"Springer",
  series =	"Lecture Notes in Computer Science",
  volume =	"828",
  year = 	"1994",
}

@Book{isabellehol,
  author= {T. Nipkow and L. Paulson and M. Wenzel},
  title= {{Isabelle/HOL} --- A Proof Assistant for {Higher-Order} Logic},
  publisher= {Springer},
  series= {LNCS},
  volume= "2283",
  year= "2002"
}

@misc{isabellehol2,
  author= {T. Nipkow and L. Paulson and M. Wenzel},
  title= "{Isabelle's Logics: HOL}",
  year= "2004",
  note= {\url{http://isabelle.in.tum.de/dist/Isabelle2004/doc/logics-HOL.pdf}}
}

@inproceedings{hollight,
	author = "J. Harrison",
	title ="{HOL Light: A Tutorial Introduction}",
	pages = "265--269",
	booktitle = "{Proceedings of the First International Conference on Formal Methods in Computer-Aided Design}",
	year = "1996",
	publisher = "Springer",
}

@Book{coq,
  author= {Y. Bertot and P. Cast{\'e}ran},
  title= {Coq'Art: The Calculus of Inductive Constructions},
  publisher= {Springer},
  year= "2004",
}

@incollection{coq_cct,
  author = "G. Huet and A. Sa{\"\i}bi",
  title = "Constructive category theory",
  editor = "G. Plotkin and C. Stirling and M. Tofte",
  booktitle = "Proof, Language and Interaction: Essays in Honour of Robin Milner.",
  year = "1998",
	publisher = "MIT Press"
}

@Book{caslmanual,
  author =       "Michel Bidoit and Peter D. Mosses",
  title =        "Casl User Manual",
  year =         "2004",
  publisher =    "Springer",
  series =       "LNCS 2900 (IFIP Series)"
}

@incollection{obj,
    author = "J. Goguen and Timothy Winkler and J. Meseguer and K. Futatsugi and J. Jouannaud",
    title = "Introducing {OBJ}",
    booktitle = "Applications of Algebraic Specification using {OBJ}",
    publisher = "Cambridge",
    editor = "Joseph Goguen",
    year = "1993",
}

@inproceedings{maude,
    author = "M. Clavel and S. Eker and P. Lincoln and J. Meseguer",
    title = "Principles of {Maude}",
    booktitle = "Proceedings of the First International Workshop on Rewriting Logic",
    volume = "4",
    editor = "J. Meseguer",
    pages = "65--89",
    year = "1996",
}

@inproceedings{maude_rewriting,
  author = "R. Bruni and J. Meseguer",
  title = "Generalized rewrite theories",
  booktitle = "Proceedings of ICALP '03.",
  publisher = "Springer",
  year = "2003",
}

@misc{mizarmanual,
  author =       "E. Bonarska",
  title =        "An Introduction to {PC} Mizar",
  year =         "1990",
  note =    "\url{http://www.mizar.org/project/bonarska91.ps.gz}",
}

@Book{automath,
  title =        "Selected Papers on Automath",
  publisher =    "North-Holland",
  year =         "1994",
  editor =       "R. P. Nederpelt and J. H. Geuvers and R. C. de Vrijer",
  volume =       "133",
  series =       "Studies in Logic and the Foundations of Mathematics",
}

@article{vampire,
  author = 	 {A. Riazanov and A. Voronkov},
  title = 	 {The design and implementation of {Vampire}},
  journal = 	 {AI Communications},
  volume =       {15},
  pages =        {91--110},
  year =	 2002
}

@techreport{prover9,
 author = "W. McCune",
 title = "{Otter 3.3 Reference Manual}",
 institution = "{Mathematics and Computer Science Division, Argonne National Laboratory}",
 year = "2003",
 number = "ANL/MCS-TM-263",
 note = "\url{http://www.cs.unm.edu/~mccune/mace4/manual-examples.html}",
}

@inproceedings{paradox,
  title ="New Techniques that Improve {MACE}-style Finite Model Finding",
  author ="K. Claessen and N. Sorensson",
  year = "2003",
  booktitle = "CADE-19 Workshop on Model Computation - Principles, Algorithms, Applications"
}

@book{omdoc,
  author = "M. Kohlhase",
  title = "{OMDoc: An Open Markup Format for Mathematical Documents (Version 1.2)}",
  series = "{Lecture Notes in Artificial Intelligence}",
  number = "4180",
  publisher = "Springer",
  year = "2006",
}

@article{kohlhaseopenmath,
  author = "M. Kohlhase",
  title = "{OMDoc}: An Infrastructure for OpenMath Content Dictionary Information",
  journal = "Bulletin of the ACM Special Interest Group on Symbolic and Automated Mathematics",
  volume = "34",
  pages = "43--48",
  year = 2000
}

@misc{omdoc_pvs,
  author = "M. Kohlhase and S. Owre",
  title = "An {OMDoc} interface to {PVS}",
  year = "2005",
  note = "See \url{https://svn.mathweb.org/repos /mathweb.org/trunk/omdoc/projects/pvs/doc/index.html}"
}

@misc{openmath,
	author = "S. Buswell and O. Caprotti and D. Carlisle and M. Dewar and M. Ga{\"e}tano and M. Kohlhase",
	title = "The OpenMath Standard",
	note = "See \url{http://www.openmath.org/cocoon/openmath/standard/}"
}

@misc{mathml,
	author = "D. Carlisle and P. Ion and R. Miner and N. Poppelier",
	title = "Mathematical Markup Language",
	note = "See \url{http://www.w3.org/Math/}"
}

@misc{openmathtypes,
	author = "O. Caprotti and A. Cohen",
	title = "A Type System For OpenMath",
	note = "See \url{http://www.openmath.org/cocoon/openmath/standard/}"
}

@misc{smlnj,
	title = "Standard {ML} of {New Jersey}",
	key = "SML",
	note = "See \url{http://www.smlnj.org}"
}

@Article{tptp,
    Author       = "G. Sutcliffe and C. Suttner",
    Year         = "1998",
    Title        = "{The {TPTP} Problem Library: {CNF} Release v1.2.1}",
    Journal      = "Journal of Automated Reasoning",
    Volume       = "21",
    Number       = "2",
    Pages        = "177-203",
}

@Article{casc,
    Author       = "F. Pelletier and G. Sutcliffe and C. Suttner",
    Year         = "2002",
    Title        = "{The Development of {CASC}}",
    Journal      = "{AI} Communications",
    Volume       = "15",
    Number       = "2-3",
    Pages        = "79-90"
}

@InProceedings{maya,
  author =	"S. Autexier and D. Hutter and T. Mossakowski and A. Schairer",
  title =	"{The Development Graph Manager Maya (System Description)}",
  editor =	"H. Kirchner and C. Ringeissen",
  booktitle =	"Algebraic Methods and Software Technology, 9th International Conference",
  year = 	"2002",
  publisher =	"Springer",
  pages =	"495--502",
}

