/Users/seanmcl/save/versioned/bib/all.bib