%% http://en.wikipedia.org/wiki/BibTeX

% address: Publisher's address (usually just the city, but can be the full address for lesser-known publishers)
% annote: An annotation for annotated bibliography styles (not typical)
% author: The name(s) of the author(s) (in the case of more than one author, separated by and)
% booktitle: The title of the book, if only part of it is being cited
% chapter: The chapter number
% crossref: The key of the cross-referenced entry
% edition: The edition of a book, long form (such as "first" or "second")
% editor: The name(s) of the editor(s)
% eprint: A specification of an electronic publication, often a preprint or a technical report
% howpublished: How it was published, if the publishing method is nonstandard
% institution: The institution that was involved in the publishing, but not necessarily the publisher
% journal: The journal or magazine the work was published in
% key: A hidden field used for specifying or overriding the alphabetical order of entries (when the "author" and "editor" fields are missing). Note that this is very different from the key (mentioned just after this list) that is used to cite or cross-reference the entry.
% month: The month of publication (or, if unpublished, the month of creation)
% note: Miscellaneous extra information
% number: The "number" of a journal, magazine, or tech-report, if applicable. (Most publications have a "volume", but no "number" field.)
% organization: The conference sponsor
% pages: Page numbers, separated either by commas or double-hyphens.
% publisher: The publisher's name
% school: The school where the thesis was written
% series: The series of books the book was published in (e.g. "The Hardy Boys" or "Lecture Notes in Computer Science")
% title: The title of the work
% type: The type of tech-report, for example, "Research Note"
% url: The WWW address
% volume: The volume of a journal or multi-volume book
% year: The year of publication (or, if unpublished, the year of creation)
% In addition, each entry contains a key that is used to cite or cross-reference the entry. This key is the first item in a BibTeX entry, and is not part of any field.
% [edit]




% article
% An article from a journal or magazine.
% Required fields: author, title, journal, year
% Optional fields: volume, number, pages, month, note, key

% book
% A book with an explicit publisher.
% Required fields: author/editor, title, publisher, year
% Optional fields: volume, series, address, edition, month, note, key

% booklet
% A work that is printed and bound, but without a named publisher or sponsoring institution.
% Required fields: title
% Optional fields: author, howpublished, address, month, year, note, key

% conference
% The same as inproceedings, included for Scribe compatibility.
% Required fields: author, title, booktitle, year
% Optional fields: editor, pages, organization, publisher, address, month, note, key

% inbook
% A part of a book, usually untitled. May be a chapter (or section or whatever) and/or a range of pages.
% Required fields: author/editor, title, chapter/pages, publisher, year
% Optional fields: volume, series, address, edition, month, note, key

% incollection
% A part of a book having its own title.
% Required fields: author, title, booktitle, year
% Optional fields: editor, pages, organization, publisher, address, month, note, key

% inproceedings
% An article in a conference proceedings.
% Required fields: author, title, booktitle, year
% Optional fields: editor, series, pages, organization, publisher, address, month, note, key

% manual
% Technical documentation.
% Required fields: title
% Optional fields: author, organization, address, edition, month, year, note, key

% mastersthesis
% A Master's thesis.
% Required fields: author, title, school, year
% Optional fields: address, month, note, key

% misc
% For use when nothing else fits.
% Required fields: none
% Optional fields: author, title, howpublished, month, year, note, key

% phdthesis
% A Ph.D. thesis.
% Required fields: author, title, school, year
% Optional fields: address, month, note, key

% proceedings
% The proceedings of a conference.
% Required fields: title, year
% Optional fields: editor, publisher, organization, address, month, note, key

% techreport
% A report published by a school or other institution, usually numbered within a series.
% Required fields: author, title, institution, year
% Optional fields: type, number, address, month, note, key

% unpublished
% A document having an author and title, but not formally published.
% Required fields: author, title, note
% Optional fields: month, year, key


 %-----------------------------------------------------------------------
 % Strings                                                               
 %-----------------------------------------------------------------------

@STRING{annals = {Annals of Mathematics}}
@STRING{cade = {Conference on Automated Deduction}}
@STRING(csl = {Computer Science Logic})
@STRING{dcg = {Discrete and Computational Geometry}}
@STRING{ijcar = {International Joint Conference on Automated Reasoning}}
@STRING{jacm = {Journal of the ACM}}
@STRING{lnai = {Lecture Notes in Artificial Intelligence}}
@STRING{lics = {Logic in Computer Science}}
@STRING{lncs = {Lecture Notes in Computer Science}}
@STRING{springer = {Springer-Verlag}}
@STRING{tableaux = {Automated Reasoning with Analytic Tableaux and Related Methods}}
@STRING{tphols = {Theorem Proving in Higher Order Logics}}
@string{LNCS="Lect.\ Notes in Comp.\ Sci."}
@string{Springer="Springer-Verlag"}

@unpublished{unknown,
author={Unknown},
title={Citation not found},
year={0000},
note={Error in database}
}

%%% AA

@incollection{adams2010introducing,
  title={Introducing {HOL Zero}},
  author={Adams, Mark},
  booktitle={Mathematical Software--ICMS 2010},
  pages={142--143},
  year={2010},
  publisher={Springer}
}

@article{avigad2014formally,
  title={Formally verified mathematics},
  author={Avigad, Jeremy and Harrison, John},
  journal={Communications of the ACM},
  volume={57},
  number={4},
  pages={66--75},
  year={2014},
  publisher={ACM}
}

@Book{hottbook,
  author =    {The {Univalent Foundations Program}},
  title =     {Homotopy Type Theory: Univalent Foundations of Mathematics},
  publisher = {\url{http://homotopytypetheory.org/book}},
  address =   {Institute for Advanced Study},
  year =      2013}

@article{awodey2007homotopy,
  title={Homotopy theoretic models of identity types},
  author={Awodey, Steve and Warren, Michael A},
  journal={Math. Proc. Cambridge Philos. Soc.},
  volume={146},
  issue={1},
  pages={45--55},
  year={2000}
}

@incollection{aydemir2005mechanized,
  title={Mechanized metatheory for the masses: The {POPLmark} challenge},
  author={Aydemir, Brian E and Bohannon, Aaron and Fairbairn, Matthew and Foster, J Nathan and Pierce, Benjamin C and Sewell, Peter and Vytiniotis, Dimitrios and Washburn, Geoffrey and Weirich, Stephanie and Zdancewic, Steve},
  booktitle={Theorem Proving in Higher Order Logics},
  pages={50--65},
  year={2005},
  publisher={Springer}
}

@article{avigad2014central,
  title={A formally verified proof of the Central Limit Theorem},
  author={Avigad, Jeremy and H{\"o}lzl, Johannes and Serafin, Luke},
  journal={arXiv preprint arXiv:1405.7012},
  year={2014}
}

@article{avigad2007formally,
  title={A formally verified proof of the prime number theorem},
  author={Avigad, Jeremy and Donnelly, Kevin and Gray, David and Raff, Paul},
  journal={ACM Transactions on Computational Logic (TOCL)},
  volume={9},
  number={1},
  pages={2},
  year={2007},
  publisher={ACM}
}


@book{aschbacher2000finite,
  title={Finite group theory},
  author={Aschbacher, Michael},
  volume={10},
  year={2000},
  publisher={Cambridge University Press}
}

@article{aschbacher2004status,
  title={The status of the classification of the finite simple groups},
  author={Aschbacher, Michael},
  journal={Notices of the AMS},
  volume={51},
  number={7},
  pages={736--740},
  year={2004}
}

@book{aschbacher2004classification,
  title={The classification of quasithin groups},
  author={Aschbacher, Michael and Smith, Stephen D},
  year={2004},
  publisher={American Mathematical Soc.}
}

@article{AF,
 author={M. Abadi and C. Fournet},
 title={Mobile values, new names, and secure communication},
 year={2001},
 journal={
. In POPL '01: Proceedings of the 28th ACM SIGPLAN-SIGACT
% symposium on the principles of programming languages}, 
 pages={104--115},
}

@article{SPI,
 author={M. Abadi and A. D. Gordon}, 
 title={A calculus for cryptographic protocols: The spi calculus},
 journal={Information and Communication},
 volume={148},
 issue={1},
 pages={1--70},
 year={January 1999},
}

@misc{AtlasSlides,
author={J. Adams},
title={Atlas of {L}ie Groups and Representations},
year={2007},
note={MIT colloquium slides,
 \url{http://atlas.math.umd.edu/talks/boston.pdf}}
}

@unpublished{AdChar,
author={J. Adams},
title={Computing Global Characters},
year={2011},
note={\url{http://www.liegroups.org/papers/characters.pdf}},
}

@article{AW09,
author={S. Awodey and  M. Warren},
title={Homotopy theoretic models of identity types},
journal={Mathematical Proceedings of the Cambridge Philosophical Society}, 
volume={146},
year={2009},
issue={1}, 
pages={45--55}
}

@unpublished{Aristotle,
author={Aristotle},
title={{\it On the heaven}},
volume={3},
chapter={8},
note={translated by J.L. Stocks, 
  \url{http://classics.mit.edu/Aristotle/heavens.html}},
year={350BC},
}
% cited in http://www.cs.cornell.edu/~smna/3DNet/mobicom2006.pdf  
% tetrahedra tile space.

@article{AS92,
author={M. Aschbacher and Y. Segev},
title={The uniqueness of groups of {L}yons type},
journal={J. AMS},
volume={5},
number={1},
pages={75--98},
year={1992}
}

%%% BB

@article{barrett2009satisfiability,
  title={Satisfiability Modulo Theories.},
  author={Barrett, Clark W and Sebastiani, Roberto and Seshia, Sanjit A and Tinelli, Cesare},
  journal={Handbook of satisfiability},
  volume={185},
  pages={825--885},
  year={2009}
}

@article{barras2010sets,
  title={Sets in {Coq}, {Coq} in sets},
  author={Barras, Bruno},
  journal={Journal of Formalized Reasoning},
  volume={3},
  number={1},
  pages={29--48},
  year={2010}
}

@article{bachmair2001resolution,
  title={Resolution Theorem Proving.},
  author={Bachmair, Leo and Ganzinger, Harald},
  journal={Handbook of automated reasoning},
  volume={1},
  pages={19--99},
  year={2001}
}

@book{bourbaki1966theorie,
  title={Th{\'e}orie des ensembles},
  author={Bourbaki, Nicolas},
  year={2006},
  note={(third edition, Hermann, 1966)},
  publisher={Springer}
}

@book{bender1994local,
  title={Local analysis for the odd order theorem},
  author={Bender, Helmut and Glauberman, George and Carlip, Walter},
  volume={188},
  year={1994},
  publisher={Cambridge University Press}
}

@article{Barthe-2009,
 author={G. Barthe, B. Gr\'egoire, S. Zanella},
 title={Formal Certification of Code-Based Cryptographic Proofs},
 note={\url{http://www-sop.inria.fr/everest/Benjamin.Gregoire/Cours/popl09.pdf}},
 year={2009},
 journal={Proceedings of the 36th annual ACM
SIGPLAN-SIGACT symposium on Principles of programming languages},
 pages={90--101},
}

@unpublished{MPRI-Notes,
 author={B. Blanchet and H. Comon-Lundh and S. Delaune and C. Fournet and S. Kremer and D. Pointcheval},
title={Cryptographic protocols 
Formal and Computational Proofs},
 year={2011},
 note={MPRI Lecture Notes \url{http://www.di.ens.fr/~blanchet/MPRI/2011-12/poly-mpri-2-30-draft.pdf}},
}

@misc{Berg-thesis,
 author= {M. Berg},
 year={2013},
 title={Formal Verification of Cryptographic Security Proofs},
 note={thesis, Saarland University, \url{http://scidok.sulb.uni-saarland.de/volltexte/2013/5469/pdf/thesis_berg.pdf}},
}


@article{BM84,
 author={M. Blum and S. Micali},
 title={How to generate cryptographically strong sequences of pseudo-random bits},
 journal={{SIAM} Journal on Computing},
  volume={13},
 year={1984},
 pages={850--864},
}

@book{bushnell-henniart,
author={C. J. Bushnell and G. Henniart},
title={The Local Langlands Conjecture for $GL(2)$},
year={2010},
publisher={Springer},
}

@misc{Bew,
key={AT},
year={accessed 2011},
note={\url{http://www.heideschwaetzer.de/digitale-fundstuecke/beweis-eine-million-dollar-belohnung/}},
}

@misc{Wel,
key={AT},
author={Wellcome Images},
year={accessed 2013},
note={\url{http://images.wellcome.ac.uk}, London},
}

@article{BV08,
author={C. Bachoc and F. Vallentin},
title={New upper bounds for kissing numbers from semidefinite programming}, 
journal={J. Amer. Math. Soc.},
volume={21},
year={2008}, 
pages={909--924}, 
}

@inbook{Bar98,
author={B. Barras},
booktitle={Types For Proofs And Programs},
series={LNCS},
year=1998,
volume=1512,
pages={28--45},
title={Verification of the interface of a small proof system in {C}oq},
}

@inbook{BFM,
author={H. Barendregt},
title={Foundations of Mathematics from the perspective of Computer Verification},
booktitle={Mathematics, Computer Science, Logic -- A Never Ending
Story},
publisher={Springer Verlag},
year={2007},
}

@unpublished{Borisov,
author={A. Borisov},
title={A geometric approach to the two-dimensional {J}acobian Conjecture},
note={\url{http://arxiv.org/abs/0912.4803}},
year={2009},
}

@article{BH2000,
author={U. Betke and M. Henk}, 
title={Densest lattice packings of $3$-polytopes},
journal={Comput. Geom.},
volume={16}, 
pages={157-186},
year={2000},
}


@article{BGE8,
author={D. Borthwick and S. Garibaldi},
title={Did a 1-Dimensional Magnet Detect a $248$-Dimensional {L}ie Algebra?},
journal={Notices of the {AMS}},
year={2011},
volume={58},
issue={8},
pages={1055--1066},
}

@article{Bee,
    author = {Michael Beeson},
    title = {Automatic generation of a proof of the irrationality of $e$},
    journal = {Journal of Symbolic Computation},
    volume = {32},
    number = {4},
    pages = {333--349},
    year = {2001},
}

@book{Bee85,
author={M. Beeson},
title={Foundations of constructive mathematics: metamathematical studies},
publisher={Springer-Verlag},
year={1985},
}

@article{BSD,
author={B. J. Birch and H. P. F. Swinnerton-Dyer},
title={Notes on elliptic curves, {II}},
journal={J. f\"ur die reine und
angew. Math.},
volume={218},
year={1965},
pages={79--108},
}

@inbook{Bir,
author={B. J. Birch},
title={In lieu of Birthday Greetings},
booktitle={Number theory and algebraic geometry}, 
publisher={Cambridge Univ. Press}, 
pages={1--30},
year={2002},
}

@book{Boy1890,
author={C. V. Boys},
title={Soap Bubbles},
publisher={(Dover reprint)},
year={1890},
}

@book{BG94,
author={H. Bender and G. Glauberman},
title={Local analysis for the odd order theorem},
publisher={Cambridge University Press},
year={1994},
series={LMS},
volume={188},
}

@inproceedings{Boehme-Nipkow-IJCAR10,
author={Sascha B\"ohme and Tobias Nipkow},
title={Sledgehammer: Judgement Day},
booktitle={Automated Reasoning (IJCAR 2010)},
editor={J. Giesl and R. H\"ahnle},
publisher={Springer},
series={LNCS},
volume={6173},
pages={107--121},
year={2010},
}


@article{Bertot-point,
author={Yves Bertot and Gilles Kahn and Laurent Th\'ery},
title={Proof by Pointing},
journal={LNCS},
year={1994},
volume={789/1994},
pages={141--160},
}

@article{Bezrukavnikov,
author={R. Bezrukavnikov},
title={The dimension of the fixed point set on affine flag manifolds},
journal={Math. Res. Lett.},
volume={3},
year={1996},
pages={185--189},
}

%%% CC

@unpublished{Coq2014,
  author =    {{The Coq development team}},
  title =     {The {Coq} proof assistant: reference manual},
  note = {\url{http://coq.inria.fr/refman/}, Version v8.4pl4},
  year =      {2014}
}

@article{CiC,
  author    = {Thierry Coquand and
               G{\'e}rard P. Huet},
  title     = {The Calculus of Constructions},
  journal   = {Inf. Comput.},
  volume    = {76},
  number    = {2/3},
  year      = {1988},
  pages     = {95-120},
  ee        = {http://dx.doi.org/10.1016/0890-5401(88)90005-3},
  bibsource = {DBLP, http://dblp.uni-trier.de}
}

@inproceedings{Car28p,
author={J. Carette and M. Elsheikh and S. Smith},
title={A Generative Geometric Kernel},
note={\url{http://www.cas.mcmaster.ca/~carette/publications/pepm28p-carette.pdf}},
 booktitle = {Proceedings of the 20th ACM SIGPLAN workshop on Partial evaluation and program manipulation},
 series = {PEPM '11},
 year = {2011},
 pages = {53--62},
 numpages = {10},
}

@book{coutinho,
author={S. C. Coutinho},
title={A primer of algebraic {D}-modules},
year={1995},
publisher={Cambridge University Press},
}

@article{Chen-2010,
author={E. R. Chen and Michael Engel and Sharon C. Glotzer},
title={Dense crystalline dimer packings of regular tetrahedra},
year={2010},
journal={Disc. Comp. Geom.},
volume={44},
pages={253--280},
note={\url{http://arxiv.org/abs/1001.0586}},
}

@article{Chen-2008,
author={E. R. Chen},
title={A Dense Packing of Regular Tetrahedra},
year={2008},
journal={Disc. Comp. Geom.},
volume={40},
pages={214--240},
}


@unpublished{casselman:pennies,
author={W. Casselman},
title={Packing Pennies in the Plane, An illustrated proof of {K}epler's conjecture in 2D},
note={AMS Feature Column
Archive,
\url{http://www.ams.org/featurecolumn/archive/cass1.html}},
year ={December 2000},
}


@phdthesis{chyzak,
author={Fr\'ed\'eric Chyzak},
title={Fonctions holonomes en calcul formel},
year={1998},
school={\'Ecole Polytechnique},
}

@incollection{CHL,
author={Raf Cluckers and Fran\c cois Loeser and Thomas C. Hales},
title={Transfer Principle for the Fundamental Lemma},
booktitle={Stabilization of the Trace Formula, {S}himura Varieties and Arithmetic Applications},
year={2011},
editor={Michael Harris},
note={to appear},
}

@inproceedings{CHL:2010,
  author={R. Cluckers and T. C. Hales and F. Loeser},
  title={Transfer principle for the fundamental lemma},
  booktitle={Stabilization of the trace formula, {S}himura varieties,
  and arithmetic applications, I},
  publisher={International Press},
  year={2011},
  note={to appear},
}


%%% DD

@book{SDA1651,
 author={M. Drmota and R. F. Tichy},
 title={Sequences, Discrepancies and Applications},
 series={Lecture Notes in Mathematics},
 publisher={Springer},
 year={1997},
}

@article{DY,
author={D. Dolev and A. C. Yao},
title={On the security of public-key protocols},
journal={{IEEE} Transaction on Information Theory},
volume={2},
issue={29},
pages={198--208},
year={March 1983},
}

@article{DH,
author={W. Diffie and M. Hellman},
title={New Directions in cryptography},
journal={IEEE Transactions on Information Theory},
volume={22},
issue={6},
pages={644-654},
year={1976},
}


@book{DF,
author={D. S. Dummit and R. M. Foote},
title={Abstract Algebra},
publisher={Wiley},
edition={third},
year={2004},
}

@inbook{DDT,
author={H. Darmon and F. Diamond and R. Taylor},
title={Fermat's Last Theorem},
booktitle={Elliptic curves, modular forms and {F}ermat's last theorem},
year={1997},
publisher={Int. Press},
pages={2--140},
note={\url{http://www.math.mcgill.ca/darmon/pub/Articles/Expository/05.DDT/paper.pdf}},
}

@inbook{DijkST,
author={E. W. Dijkstra},
title={On the role of scientific thought},
booktitle={{E}dsger {W.} {D}ijkstra: Selected Writings on Computing: A Personal Perspective},
publisher={Springer},
year={1982},
note={\url{http://www.cs.utexas.edu/users/EWD/ewd04xx/EWD447.PDF}},
}

@book{DCFPS,
author={J. L. Doob and L. Carlitz and F. A. Ficken and G. Paranian
and N. E. Steenrod},
title={Manual for authors of mathematical papers},
journal={Bull. AMS},
volume={68},
year={1962}, 
pages={429--444},
}


@phdthesis{Dav09,
author={J. Davis},
title={A Self-verifying theorem prover},
school={University of Texas at Austin},
year={2009},
note={\url{}},
}

@incollection{Dy11,
author={F. Dyson},
title={Birds and Frogs},
booktitle={The Best Writing on Mathematics 2010},
publisher={Princeton University Press},
editor={M. Pitici},
year={2011},
}

@article{Deligne:Weil2,
author={P. Deligne},
title={La conjecture de {W}eil {II}},
journal={Publ. Math. IHES},
volume={52},
year={1980},
pages={137--252}
}

%%% EE

@article{Sch02-AICOMM,
  author    = {Stephan Schulz},
  title     = {{E - A Brainiac Theorem Prover}},
  journal   = {AI Commun.},
  volume    = {15},
  number    = {2-3},
  year      = {2002},
  pages     = {111-126},
  ee        = {http://iospress.metapress.com/content/n908n94nmvk59v3c/},
  bibsource = {DBLP, http://dblp.uni-trier.de}
}

@article{Elkies88,
author={N. Elkies},
title={On $A^4 + B^4 + C^4 = D^4$},
journal={Mathematics of Computation},
year={1988},
month={Oct.},
pages={825--835},
volume={51},
number={184},
}

%%% FF

@article{thompson1968nonsolvable,
  title={Nonsolvable finite groups all of whose local subgroups are solvable},
  author={Thompson, John G.},
  journal={Bulletin of the American Mathematical Society},
  volume={74},
  number={3},
  pages={383--437},
  year={1968}
}

@article{FHT,
 author={Feit, Walter and Hall Jr., Marshall and Thompson, John G.},
 title={Finite groups in which the centralizer of any non-identity element is nilpotent},
 journal={Math Z.},
  year={1960},
 volume={74},
 pages={1--17},
}

@book{FT,
  title={Solvability of groups of odd order},
  author={Feit, Walter and Thompson, John G},
  year={1963},
  publisher={Pacific Journal of Mathematics}
}

@unpublished{FS2007,
author= {D. Shumow and N. Ferguson},
title={On the Possibility of a Back Door in the {NIST} {SP800-90} Dual {Ec} Prng},
year={2007},
note={\url{rump2007.cr.yp.to/15-shumow.pdf}},
}

@misc{NIST-Supp,
 key={NIST},
 title={{S}upplemental {ITL} bulletin for {S}eptember 2013},
 note={\url{http://csrc.nist.gov/publications/nistbul/itlbul2013_09_supplemental.pdf}},
 year={2013},
}

@inbook{FoxArm6,
booktitle={Theorem Proving In Higher Order Logics},
series={LNCS},
year={2003},
volume={2758},
pages={25--40},
title={Formal Specification and Verification of {ARM6}},
author={A. Fox},
publisher={Springer},
}

@article{FPNP,
author={L. Fortnow},
title={The Status of the ${P}$ versus ${NP}$ Problem},
journal={Communications of the ACM},
volume={52},
number={9},
pages={78--86},
year={2009},
}

@book{FQED,
author={R. P. Feynman},
title={{QED}: the strange theory of light and matter},
publisher={Princeton University Press},
year={1985},
}

@book{FeCo,
author={R. Feynman},
title={Selected Papers of {R}ichard {F}eynman},
publisher={World Scientific},
year={2000},
}

@article{discover-2009,
author={Douglas Fox},
title={Computer Learns to Reason Like Isaac Newton},
journal={Discover},
year=2010,
month={January/February},
pages={39}, 
}

@ARTICLE{Ferguson:2006:DCG:5,
  author = {Samuel P. Ferguson},
  title = {Sphere Packings {V}. Pentahedral Prisms},
  journal = {Discrete and Computational Geometry},
  year = {2006},
  volume = {36},
  pages = {167-204},
  number = {1}
}


%%% GG

@incollection{gonthier2011point,
  title={Point-free, set-free concrete linear algebra},
  author={Gonthier, Georges},
  booktitle={Interactive Theorem Proving},
  pages={103--118},
  year={2011},
  publisher={Springer}
}

@misc{Ktheory,
  author={Grayson, Daniel},
  title={K-theory: Group Action},
  year={2014},
  note={\url{https://github.com/UniMath/UniMath/blob/master/UniMath/Ktheory/GroupAction.v}},
}

@article{gonthier2008formal,
  title={Formal proof--the four-color theorem},
  author={Gonthier, Georges},
  journal={Notices of the AMS},
  volume={55},
  number={11},
  pages={1382--1393},
  year={2008}
}

@book{gorenstein2007finite,
  title={Finite groups},
  author={Gorenstein, Daniel},
  volume={301},
  year={2007},
  publisher={American Mathematical Soc.}
}

@incollection{gonthier2013machine,
  title={A machine-checked proof of the odd order theorem},
  author={Gonthier, Georges and Asperti, Andrea and Avigad, Jeremy and Bertot, Yves and Cohen, Cyril and Garillot, Fran{\c{c}}ois and Le Roux, St{\'e}phane and Mahboubi, Assia and O'Connor, Russell and Biha, Sidi Ould and others},
  booktitle={Interactive Theorem Proving},
  pages={163--179},
  year={2013},
  publisher={Springer}
}

@article{glauberman1999new,
  title={A new look at the {Feit-Thompson} odd order theorem},
  author={Glauberman, George},
  journal={Mat. Contemp},
  volume={16},
  pages={73--92},
  year={1999}
}

@article{sel4,
author={Gerwin Klein, June Andronick, Kevin Elphinstone, Toby Murray, Thomas Sewell, Rafal Kolanski and Gernot Heiser},
title={Comprehensive formal verification of an {OS} microkernel},
journal={ACM Transactions on Computer Systems}, 
volume={32},
number ={1},
pages={2:1--2:70}, 
year={February, 2014},
}


@misc{Green-EC,
 author={M. Green},
 title={The Many Flaws of Dual\_EC\_DRBG},
 year={Sept. 2013},
 note={\url{http://blog.cryptographyengineering.com/2013/09/the-many-flaws-of-dualecdrbg.html}},
}

@article{OOT-13,
 author={G. Gonthier et al.},
 title={A Machine-Checked Proof of
the Odd Order Theorem},
  note={\url{http://hal.inria.fr/docs/00/81/66/99/PDF/main.pdf}},
 journal={Lecture Notes in Computer Science},
 volume={7998},
  year={2013},
 pages={163--179},
}

@article{GMT,
author={D. Gabai and R. Meyerhoff and N. Thurston}, 
title={Homotopy hyperbolic $3$- 
manifolds are hyperbolic}, 
journal={Annals of Math.},
volume={157},
year={2003}, 
pages={335--431},
}

@inproceedings{GabICM,
author={D. Gabai},
title={Hyperbolic $3$-manifolds in the 2000's},
booktitle={Proceedings of the International Congress of Mathematicians},
place={Hyderabad, India}, 
year={2010},
}

@incollection{Gr11,
author={B. Gr{\"u}nbaum},
title={An Enduring Error},
booktitle={The Best Writing on Mathematics 2010},
editor={M. Pitici},
year={2011},
publisher={Princeton University Press},
}



@unpublished{gonISSR,
author={G. Gonthier and A. Mahboubi},
title={An introduction to small scale reflection in {C}oq},
note={\url{http://hal.inria.fr/inria-00515548/}},
year={2011},
}

@unpublished{gonSSRE,
author={G. Gonthier and A. Mahboubi and E. Tassi},
title={A Small Scale Reflection Extension for the {C}oq system},
note={\url{http://hal.archives-ouvertes.fr/inria-00258384/}},
year={2011},
}

@inbook{gonC,
author={Y. Bertot and G. Gonthier and S. Ould Biha and I. Pasca},
title={Canonical big operators},
booktitle={Theorem Proving in Higher Order Logics},
series={LNCS},
volume={5170},
year={2008},
pages={86--101},
publisher={Springer},
}

@unpublished{gonHoc,
author={G. Gonthier and B. Ziliani and A. Nanevski and D. Dreyer},
title={How to Make Ad Hoc Proof Automation Less Ad Hoc},
year={2011},
note={\url{http://www.mpi-soft.mpg.de/~dreyer/papers/lessadhoc/icfp11.pdf}},
}




@inbook{gonMF,
author={G. Gonthier and A. Mahboubi and L. Rideau},
title={A modular formalisation of finite group theory},
booktitle={Theorem Proving In Higher Order Logics},
series={LNCS},
volume={4732},
year={2007},
publisher={Springer},
pages={86--101},
}

@unpublished{gon-FT,
author={G. Gonthier},
year={2012},
note={\url{http://www.msr-inria.inria.fr/events-news/feit-thompson-proved-in-coq}},
}

@inbook{gonAd,
author={G. Gonthier},
title={Advances in the Formalization of the Odd Order Theorem},
booktitle={Interactive Theorem Proving},
series={LNCS},
volume={6898},
year={2011},
publisher={Springer},
pages={2},
}

@inbook{gonPMS,
author={F. Garillot and G. Gonthier and A. Mahboubi and L. Rideau},
title={Packaging mathematical structures},
booktitle={Theorem Proving In Higher Order Logics},
series={LNCS},
volume={5674},
year={2009},
publisher={Springer},
pages={327--342},
}

@inbook{gonPFSF,
author={G. Gonthier},
title={Point-free, set-free concrete linear algebra},
booktitle={Interactive Theorem Proving},
series={LNCS},
volume={6898},
year={2011},
publisher={Springer},
pages={103--118},
}



@UNPUBLISHED{Gonthier:2005:FourColor,
  author = {G. Gonthier},
  title = {A Computer-Checked Proof of the Four Colour Theorem},
  note = {Unpublished manuscript},
  year = {2005}
}



@article{gonthier:2008:formal,
author={G. Gonthier},
title={Formal proof -- the four colour theorem},
journal={Notices of the AMS},
volume={55},
number={11},
pages={1382--1393},
year={December 2008},
}


@phdthesis{Gan09,
author={M. Ganesalingam},
title={The Language of Mathematics},
year={2009},
school={Cambridge University},
note={\url{http://people.pwf.cam.ac.uk/mg262/GanesalingamMdis.pdf}}
}

@unpublished{Gan10,
author={M. Ganesalingam},
title={The Language of Mathematics},
year={2010},
note={slides \url{http://www.srcf.ucam.org/principia/files/ganesalingam.pdf}}
}



%%% HH

@incollection{harrison2009hol,
  title={{HOL} {Light}: An overview},
  author={Harrison, John},
  booktitle={Theorem Proving in Higher Order Logics},
  pages={60--66},
  year={2009},
  publisher={Springer}
}



@article{harrison2009formalizing,
  title={Formalizing an analytic proof of the prime number theorem},
  author={Harrison, John},
  journal={Journal of Automated Reasoning},
  volume={43},
  number={3},
  pages={243--261},
  year={2009},
  publisher={Springer}
}

@book{Halmos-measure,
author = {P. Halmos},
title={Measure Theory},
year={1974},
publisher={Springer},
}

@unpublished{Hoe11,
author={J. Van Der Hoeven},
title={Towards semantic mathematical editing},
year={2011},
note={\url{http://hal.archives-ouvertes.fr/hal-00569351/fr/}},
}

@book{PP00,
author={A. Hunt and D. Thomas},
title={The Pragmatic Programmer},
publisher={Addison Wesley},
year={2000},
}

@article{AH4CT,
author={K. Appel and W.  Haken and J. Koch},
year={1977},
title={Every Planar Map is Four Colorable},
journal={Illinois Journal of Mathematics},
volume={21},
pages={439-567},
}

@book{Halmos,
 author={P. Halmos},
 title={How to write mathematics},
 year={1973},
 publisher={AMS},
}

@unpublished{Horn,
 key={Ove11},
 title={Projective Plane of order $12$},
 author={M. Horn},
 note={Math Overflow, \url{http://mathoverflow.net/questions/38632/projective-plane-of-order-12}},
  year={2010}

}


@article{HHS95,
    author = {J. Hass and M. Hutchings and R. Schlafly},
    title = {The double bubble conjecture},
    journal = {Elect. Res. Ann.  AMS}, 
    volume = {1},
    number = {3},
    year = {1995},
}


@unpublished{HS99,
author={G. Havas and C. C. Sims},
title={A presentation for the {L}yons simple group},
year={1999},
note={\url{http://dimacs.rutgers.edu/~havas/TR0416.pdf}},
}

@article{Hoffman,
author={D. Hoffman},
title={The Computer-Aided Discovery of New Embedded Minimal Surfaces},
journal={The Mathematical Intelligencer},
year={1987},
volume={9},
number={3},
pages={8--81},
}

@book{Hestenes:1966,
author={M. R. Hestenes}, 
title={Calculus of Variations and Optimal Control Theory}, 
publisher={John Wiley and Sons}, 
address={New York}, 
year={1966},
}

@book{Harris:Taylor:local,
 author={M. Harris and R. Taylor},
 title={The geometry and cohomology of some simple Shimura varieties},
 publisher={PUP},
 year={2001},
  series={Annals of Math. Studies},
}

@article{Herb:Autoinduct,
 author={G. Henniart and R. Herb},
 title={Automorphic induction for ${GL}(n)$ (over local nonarchimedean fields)},
 journal={Duke Math. J.},
 volume={78},
  year={1995},
  pages={131--192},
}

@book{Harris:book-project,
title={Stabilization of the Trace Formula, {S}himura Varieties and Arithmetic Applications},
year={2011},
editor={Michael Harris},
publisher={International Press},
note={to appear},
}

%% HALES

@unpublished{HR11,
 author={T. C. Hales},
 title={On the {R}einhardt conjecture},
 note={\url{http://arxiv.org/abs/1103.4518}},
 year={2011},
}

@unpublished{errata,
    author = {T. C. Hales},
    title = {Errata in The {K}epler Conjecture},
    note = {https://github.com/flyspeck/flyspeck/tree/master/usr/thales/latex/dcg_errata},
    year = {2008},
}


@inproceedings{Hales:FL-statement,
   author ={T. C. Hales},
   title={A statement of the fundamental lemma},
   booktitle={Harmonic Analysis, the Trace Formula, and Shimura Varieties},
   inseries={Clay Math Proc.},
   volume={4},
   pages={643--658},
   year={2005},
   }


@inproceedings{Hales:hyperelliptic,
  author={T. C. Hales},
  title={Hyperelliptic Curves and Harmonic Analysis},
   booktitle={Representation theory and analysis on homogeneous
  spaces},
   series={Contemporary Mathematics},
  publisher={AMS},
   year={1994},
  volume={177},
  pages={137--170},
}


@article{part1,
    author = {T. C. Hales}, 
    title = {Sphere Packings I},
    journal = {Discrete and Computational Geometry},
    volume = {17}, 
    year = {1997},
    pages = {1--51},
}

@article{algorithm,
    author = {T. C. Hales},
    title = {Some algorithms arising in the proof of the {K}epler Conjecture},
    journal = {Discrete and computational geometry},
    pages = {489--507},
    series = {Algorithms Combin.},
    volume = {25},
    publisher = {Springer},
    address = {Berlin},
    year = {2003},
}


@MISC{website:Hales:1998:Code,
  author = {T. C. Hales},
  title = {Kepler conjecture source code},
  year = 1998,
  note = {\url{http://www.math.pitt.edu/~thales/kepler98/}}
}


@InProceedings{Hales:1992:JCAM,
  author =	"T. C. Hales",
  title =	"The sphere packing problem",
  booktitle =	"Journal of Computational and Applied Math",
  volume =	"44",
  pages =	"41--76",
  year = 	"1992",
}
                  
@InProceedings{Hales:1997:DCG,
  author =	"T. C. Hales",
  title =	"Sphere Packings {I}",
  booktitle =	"Discrete and Computational Geometry",
  volume =	"17",
  pages =	"1--51",
  year = 	"1997",
}
                  
@InProceedings{Hales:1994:MI,
  author =	"T. C. Hales",
  title =	"The status of the {Kepler} Conjecture",
  booktitle =	"Mathematical Intelligencer",
  volume =	"16/3",
  pages =	"47--58",
  year = 	"1994",
}
                  
@InProceedings{Hales:2003:DCG,
  author =	"T. C. Hales",
  title =	"Some algorithms arising in the proof of the {Kepler} conjecture",
  booktitle =	"Discrete and Computational Geometry",
  volume =	"25",
  pages =	"489--507",
  year = 	"2003",
}

                  
@InProceedings{Hales:2005:DSP,
  author =	"T. C. Hales",
  title =	"The {F}lyspeck Project",
  booktitle =	"Dagstuhl seminar proceedings",
  volume =	"25",
  pages =	"489--507",
  editor =      {T. Coquand and H. Lombardi},
  year = 	"2005",
  publisher = 	"IBFI",
}


@article{Hales:2006:overview,
  author={T. C. Hales},
  title={An overview of the {K}epler conjecture},
  year={2006},
  journal={Discrete and Computational Geometry},
  volume = {36},
  pages = {5--20},
  number = {1}
}

@article{Hales:2000:cannonballs,
author={T. C. Hales},
title={Cannonballs and Honeycombs},
journal={Notices of the AMS},
year={2000},
volume={47},
number={4},
pages={440--449},
}

@ARTICLE{Hales:2006:DCG,
  author = {Thomas C. Hales and Samuel  P. Ferguson},
  title = {The {Kepler} Conjecture},
  journal = {Discrete and Computational Geometry},
  year = {2006},
  volume = {36},
  pages = {1-269},
  number = {1}
}

@ARTICLE{Hales:2006:DCG:3,
  author = {T. C. Hales},
  title = {Sphere Packings {III}. Extremal Cases},
  journal = {Discrete and Computational Geometry},
  year = {2006},
  volume = {36},
  pages = {71-110},
  number = {1}
}

@ARTICLE{Hales:2006:DCG:4,
  author = {T. C. Hales},
  title = {Sphere Packings {IV}. Detailed Bounds},
  journal = {Discrete and Computational Geometry},
  year = {2006},
  volume = {36},
  pages = {111-166},
  number = {1}
}



@ARTICLE{Hales:2006:DCG:6,
  author = {T. C. Hales},
  title = {Sphere Packings {VI}. Tame Graphs and Linear Programs},
  journal = {Discrete and Computational Geometry},
  year = {2006},
  volume = {36},
  pages = {205-265},
  number = {1}
}


@article{sp1,
     author = {T. C. Hales},
      title = {Sphere packings, {I}},
    journal = {Discrete Comput. Geom},
       year = 1997,
     volume = 17,
      pages = {1--51}
}


@InProceedings{hales:DSP:2006:432,
  author =	{T. C. Hales},
  title =	{Introduction to the {F}lyspeck Project},
  booktitle =	{Mathematics, Algorithms, Proofs},
  year =	{2006},
  editor =	{Thierry Coquand and Henri Lombardi and Marie-Fran{\c{c}}oise Roy},
  number =	{05021},
  series =	{Dagstuhl Seminar Proceedings},
  ISSN =	{1862-4405},
  publisher =	{Internationales Begegnungs- und Forschungszentrum f{\"u}r Informatik (IBFI), Schloss Dagstuhl, Germany},
  address =	{Dagstuhl, Germany},
  note =		{\url{http://drops.dagstuhl.de/opus/volltexte/2006/432}},
  annote =	{Keywords: Certified proofs, Kepler conjecture}
}


% GOOGLE CODE MATERIALS:

% deprecated.
@unpublished{hales:2008:blueprint,
title={Flyspeck: A Blueprint for the Formal Proof of the {K}epler Conjecture},
author={T. C. Hales},
year={2010},
note={source files at \url{https://github.com/flyspeck/flyspeck/tree/master/kepler_tex}}
}

% deprecated.
@misc{web,
    author = {T. C. Hales},
    title = {Computer resources for the {Kepler} conjecture},
    note = {http://www.math.princeton.edu/\~\!annals/KeplerConjecture/ (2005 snapshot).
    https://github.com/flyspeck/flyspeck/tree/master/kepler_tex (regularly maintained)},
}

% deprecated
@unpublished{hales:2009:nonlinear,
title={Flyspeck: Nonlinear inequalities for the {K}epler Conjecture},
author={Hales, T. C.},
year={2010},
note={\url{https://github.com/flyspeck/flyspeck/}}
}

% deprecated
@unpublished{hales:cc,
note={\url{https://github.com/flyspeck/flyspeck/}},
author={Hales, T. C.},
title={A Guide to Computer Calculations for Dense Sphere Packings},
year={2010},
}

% cited in "Revision of the Kepler Conjecture", old
@unpublished{hales:2008:collection,
title={Lemmas in Elementary Geometry},
author={Hales, T. C.},
year={2009},
note={source files at \url{https://github.com/flyspeck/flyspeck/}}
}

% cited in "Revision of the Kepler Conjecture", old
@Misc{Hales:2008:Errata,
  author =    {T. C. Hales},
  title =     {Errata and Revisions to the proof of the {K}epler Conjecture},
  note =      {\url{https://github.com/flyspeck/flyspeck/}}
}

% deprecated
@MISC{website:FlyspeckFactSheet,
  author = {T. C. Hales},
  title = {{The {Flyspeck} Fact Sheet, 2003 (revised 2010)}},
  note = {\url{https://github.com/flyspeck/flyspeck/}}
}

% Use this for code that is specifically old relating to the 1998 proof.
@MISC{website:HalesKepler,
  author = {T. C. Hales},
  title = {{Computer resources for the {Kepler} conjecture}},
  year = 2003,
  note = {\url{http://www.math.princeton.edu/\~\!annals/KeplerConjecture/} (2005 snapshot)},
  note = {\url{https://github.com/flyspeck/flyspeck/} (regularly maintained)}
}

% Use this for everything related to the current Flyspeck project.
@MISC{website:FlyspeckProject,
  author = {Thomas C. Hales and Alexey Solovyev and Hoang Le Truong et al.},
  title = {{The Flyspeck Project}},
  year = {2014},
  note = {\url{https://github.com/flyspeck/flyspeck/}}
}


@article{Hales:2008:formal,
author={Thomas C. Hales},
title={Formal proof},
journal={Notices of the AMS},
volume={55},
number={11},
year={December 2008},
pages={1370--1380},
}


% The same as inproceedings, included for Scribe compatibility.
% Required fields: author, title, booktitle, year
% Optional fields: editor, pages, organization, publisher, address, month, note, key

@inproceedings{Hales:2010:lin-prog,
author={T. C. Hales},
title={Linear Programs for the {K}epler {C}onjecture},
booktitle={Mathematical Software -- ICMS 2010},
year={2010},
month={September},
publisher={Springer},
editor={K. Fukuda and J. van der Hoeven and M. Joswig and N. Takayama},
}

@inproceedings{Hales:2010:disc-geom,
author={T. C. Hales},
title={Computational Discrete Geometry},
booktitle={Mathematical Software -- ICMS 2010},
year={2010},
month={September},
publisher={Springer},
editor={K. Fukuda and J. van der Hoeven and M. Joswig and N. Takayama},
}

@article{Hales:2005:what-is,
author={T. C. Hales},
title={What is motivic measure?},
journal={Notices of the AMS},
volume={42},
number={2},
year={2005},
pages={119--135},
}


@article{hales:2007:jordan,
 author={T. C. Hales},
 title={The {J}ordan Curve Theorem, formally and informally},
 journal={American Math. Monthly},
 volume={114},
 number={10},
 year={December 2007},
 pages={882-894},
}

@inproceedings{1271687,
 author = {T. C. Hales},
 title = {Some Methods of Problem Solving in Elementary Geometry},
 booktitle = {LICS '07: Proceedings of the 22nd Annual IEEE Symposium on Logic in Computer Science},
 year = {2007},
 isbn = {0-7695-2908-9},
 pages = {35--40},
 doi = {http://dx.doi.org/10.1109/LICS.2007.43},
 publisher = {IEEE Computer Society},
 address = {Washington, DC, USA},
 }


@book{DSP,
author={T. C. Hales},
title={Dense Sphere Packings: a blueprint for formal proofs},
year={2012},
volume={400},
series={London Math Soc. Lecture Note Series},
publisher={Cambridge University Press},
}

@unpublished{FTK,
author={T. C. Hales},
title={A Proof of {F}ejes {T}\'oth's  Conjecture on Sphere Packings with
Kissing Number Twelve},
year={2012},
note={arXiv:1209.6043},
}



@article{HHMNOZ,
author={T. C. Hales and J. Harrison and S. McLaughlin and T. Nipkow and S. Obua and R. Zumkeller},
title={A Revision of the Proof of the {K}epler {C}onjecture},
journal={DCG},
year={2009},
}

@article{FLSE,
author={T. C. Hales},
title={On the Fundamental Lemma for Standard Endoscopy: Reduction to unit elements},
journal={Canadian Journal of Mathematics},
year=1995,
number=5,
volume=47,
pages={974--994},
}

@inproceedings{hyperelliptic-curves,
author={T. C. Hales},
title={Hyperelliptic curves and harmonic analysis},
booktitle={Representation Theory and Analysis on Homogeneous Spaces},
year={1994},
editor={Simon Gindikin et al.},
series={Contemporary Math},
pages={137--169},
publisher={AMS},
}

@article{thales:NBC:2011,
author={T. C. Hales},
title={The Work of {N}g\^o {B}ao {C}h\^au},
journal={Notices of the AMS},
year={2011},
month={March},
volume={58},
number={3},
pages={453--458},
}

@unpublished{LEG,
author = "T. C.  Hales",
title = "Lemmas in Elementary Geometry",
note="\url{http://www.math.pitt.edu/~thales/papers/Lemmas_Elementary_Geometry.pdf}",
year="2009"
}

@article{Hales:2001:honeycomb,
author={T. C. Hales},
title={The honeycomb conjecture},
journal={Discrete and Computational Geometry},
volume={25},
number={1},
year={2001},
pages={1--22},
}
                 
@Article{Hales:2010:Dodec,
  author =    {T. C. Hales and S.  McLaughlin},                    
  title =     {A Proof of the Dodecahedral Conjecture},
  journal = {Journal of the AMS},
  volume = {23},
  note =      {\url{http://arxiv.org/abs/math/9811079}},
  year =      {2010},
  pages = {299-344}
}
                 
@Misc{Hales:1998:Dodec,
  author =    {T. C. Hales and S. McLaughlin},                    
  title =     {A Proof of the {Dodecahedral} Conjecture (2002 version)},
  note =      {\url{http://arxiv.org/abs/math/9811079v1}}
}
                 
@Misc{Hales:2002:Dodec,
  author =    {T. C. Hales and S. McLaughlin},                    
  title =     {A Proof of the {Dodecahedral} Conjecture (1998 version)},
  note =      {\url{http://arxiv.org/abs/math/9811079v2}}
}

@UNPUBLISHED{Hales:2008:FlyspeckBook,
  author = {T. C. Hales},
  title = {{Flyspeck : A Blueprint of the Formal Proof of the {Kepler} Conjecture}},
  note = {Unpublished manuscript},
  year = {2008}
}

@ARTICLE{Hales:2005:Annals,
  author = {Hales, T. C.},
  title = {A Proof of the {Kepler} Conjecture},
  journal = {Annals of Mathematics},
  year = {2005},
  volume = {162},
  pages = {1065-1185}
}



%% HARRISON

@article{FVI,
 author={J. Harrison},
 title={Formal Verification at {I}ntel},
 year={2003},
 journal={Proceedings. 18th Annual IEEE Symposium on Logic in Computer Science},
 note={slides at \url{http://www.cl.cam.ac.uk/~jrh13/slides/lics-22jun03.pdf}},
pages={45--54},
}

@unpublished{harrison-pm,
author = {J. Harrison},
title={On the Cruelty of Really Doing Formal Proofs},
note={Principia Mathematica anniversary symposium, \url{www.srcf.ucam.org/principia/files/jrhslides.pdf}},
year={2010},
}

@INPROCEEDINGS{harrison-ind,
        crossref        = "hol95",
        author          = "J. Harrison",
        title           = "Inductive definitions: automation and application",
        pages           = "200--213"}

@article{harrison:2009:pnt,
   author={J. Harrison},
   journal={Journal of Automated Reasoning},
   title={Formalizing an analytic proof of the Prime Number Theorem},
   volume={43},
   pages={243--261},
   year={2009},
}

@article{harrison:meta,
author={J. Harrison},
title={Metatheory and Reflection in Theorem Proving: A Survey and Critique},
journal={Technical Report CRC-053, SRI International Cambridge Computer Science Research Centre}, 
year={1995},
}

@inproceedings{harrison:meson,
author={J. Harrison},
title={Optimizing Proof Search in Model Elimination},
year={1996},
booktitle={Proceedings of the 13th International Conference on Automated Deduction (CADE-13)},
publisher={Springer},
series={LNCS},
volume={1104},
pages={313--327},
}

@article{HK08,
author={T. Hamada},
title={{KNOPPIX}/Math: A Live System for Enjoying
Mathematics with Computer},
journal={{ACM} Communications in Computer Algebra},
volume={42},
number={3},
year={2008},
page={175--176},
note={\url{http://www.knoppix-math.org/}},
}


%%% II

@book{isaacs2013character,
  title={Character theory of finite groups},
  author={Isaacs, I. Martin},
  year={2013},
  publisher={Courier Dover Publications}
}

%%% JJ

%%% KK

@article{kumar2014hol,
  title={{HOL} with definitions: Semantics, soundness, and a verified implementation},
  author={Kumar, Ramana and Arthan, Rob and Myreen, Magnus O and Owens, Scott},
  journal={Interactive Theorem Proving (ITP), LNCS. Springer},
  year={2014}
}

@article{kapulkin2012simplicial,
  title={The simplicial model of univalent foundations},
  author={Kapulkin, Chris and Lumsdaine, Peter LeFanu and Voevodsky, Vladimir},
  journal={arXiv preprint arXiv:1211.2851},
  year={2012}
}

@article{alama2014premise,
  title={Premise selection for mathematics by corpus analysis and kernel methods},
  author={Alama, Jesse and Heskes, Tom and K{\"u}hlwein, Daniel and Tsivtsivadze, Evgeni and Urban, Josef},
  journal={Journal of Automated Reasoning},
  volume={52},
  number={2},
  pages={191--213},
  year={2014},
  publisher={Springer}
}

@article{kaliszyk2014learning,
  author    = {Cezary Kaliszyk and
               Josef Urban},
  title     = {Learning-assisted Theorem Proving with Millions of Lemmas},
  journal   = {Journal of Symbolic Computation},
  year      = {2014},
  note        = {In press, \url{http://arxiv.org/abs/1402.3578}, arXiv:1402.3578},
  bibsource = {DBLP, http://dblp.uni-trier.de}
}


@article{DBLP:journals/corr/KaliszykU13b,
  author    = {Cezary Kaliszyk and
               Josef Urban},
  title     = {{MizAR} 40 for {Mizar} 40},
  journal   = {CoRR},
  volume    = {abs/1310.2805},
  year      = {2013},
  ee        = {http://arxiv.org/abs/1310.2805},
  bibsource = {DBLP, http://dblp.uni-trier.de}
}

@article{kaliszyk2012learning,
year={2014},
issn={0168-7433},
journal={Journal of Automated Reasoning},
doi={10.1007/s10817-014-9303-3},
title={Learning-assisted Automated Reasoning with {F}lyspeck},
note={\url{http://dx.doi.org/10.1007/s10817-014-9303-3}, arXiv:1211.7012},
publisher={Springer Netherlands},
  author    = {Cezary Kaliszyk and Josef Urban}
}

@article{kaliszyk2013automated,
  author    = {Cezary Kaliszyk and Josef Urban},
    title = {{HOL(y)Hammer}: Online {ATP} Service for {HOL Light}},
  journal   = {Mathematics in Computer Science},
doi={10.1007/s11786-014-0182-0},
note={In press, \url{http://arxiv.org/abs/1309.4962}},
  year      = {2014},
}

@article{LAR-Fly,
 author={Cezary Kaliszyk, Josef Urban},
 title={Learning-assisted Automated reasoning with {Flyspeck}},
 year={2012},
}

@inproceedings{CakeML,
  title={{CakeML}: A verified implementation of {ML}},
  author={Kumar, Ramana and Myreen, Magnus O and Norrish, Michael and Owens, Scott},
  booktitle={Proceedings of the 41st annual ACM SIGPLAN-SIGACT symposium on Principles of programming languages},
  pages={179--192},
  year={2014},
  organization={ACM}
}

@inproceedings{sarkar2009semantics,
  title={The semantics of {x86-CC} multiprocessor machine code},
  author={Sarkar, Susmit and Sewell, Peter and Nardelli, Francesco Zappa and Owens, Scott and Ridge, Tom and Braibant, Thomas and Myreen, Magnus O and Alglave, Jade},
  booktitle={ACM SIGPLAN Notices},
  volume={44},
  number={1},
  pages={379--391},
  year={2009},
  organization={ACM}
}

@incollection{myreen2013steps,
  title={Steps towards verified implementations of {HOL Light}},
  author={Myreen, Magnus O and Owens, Scott and Kumar, Ramana},
  booktitle={Interactive Theorem Proving},
  pages={490--495},
  year={2013},
  publisher={Springer}
}

@article{myreen2013proof,
  title={Proof-producing translation of higher-order logic into pure and stateful {ML}},
  author={Myreen, Magnus O and Owens, Scott},
  journal={Journal of Functional Programming},
  publisher={Cambridge University Press},
  pages={1--32},
  year={2014},
}

@inproceedings{kovacs2013first,
  title={First-order theorem proving and {Vampire}},
  author={Kov{\'a}cs, Laura and Voronkov, Andrei},
  booktitle={Computer Aided Verification},
  pages={1--35},
  year={2013},
  organization={Springer}
}

@article{riazanov2002design,
  title={The design and implementation of VAMPIRE},
  author={Riazanov, Alexandre and Voronkov, Andrei},
  journal={AI communications},
  volume={15},
  number={2},
  pages={91--110},
  year={2002},
  publisher={IOS Press}
}

@book{knapp-basic,
author={A. Knapp},
title={Basic Algebra},
year={2006},
publisher={Birkh\"auser},
}

@book{knapp-advanced,
author={A. Knapp},
title={Advanced Algebra},
year={2007},
publisher={Birkh\"auser},
}



@inproceedings{kaliszyk_p04_calc,
  author = {C. Kaliszyk and
               F. Wiedijk},
  title = {Certified Computer Algebra on Top of an 
 Interactive Theorem Prover},
  booktitle = {Proc. of the 14th Symposium on the 
 Integration of Symbolic Computation and Mechanised Reasoning
  (Calculemus'07)},
  note={\url{http://score.cs.tsukuba.ac.jp/~kaliszyk/docs/kaliszyk_p04_calc.pdf}},
  year = {2007},
  pages = {94--105},
  publisher = {Springer Verlag},
  series = {LNCS},
  volume = {4573},
  editor = {Manuel Kauers and Manfred Kerber and 
  Robert Miner and Wolfgang Windsteiger},
}

@article{KLS,
author={C. Khare and M. Larsen and G. Savin},
title={Functoriality and the Inverse {G}alois problem},
journal={Comp. Math.},
volume={144},
year={2008},
pages={541--564},
}

@book{Kelley,
author={J. Kelley},
title={General Topology},
publisher={Springer},
year={1955},
}

@article{BK11,
author={B. Keller},
title={Let's Ban Books, or at Least Stop Writing Them},
journal={New York Times Magazine},
page={9},
year={July 17, 2011},
}

@book{Ku99,
author={R. Kurzweil},
title={The Age of Spiritual Machines},
year={1999},
publisher={Penguin},
}


@unpublished{KV,
author={D. Kazhdan and Y. Varshavsky},
title={On endoscopic transfer of Deligne-Lusztig functions},
note={arXiv:0902.3426},
year={2009},
}

@incollection{Kott:1990,
author={R. Kottwitz},
title = {Shimura varieties and $\lambda$-adic representations},
booktitle={Automorphic forms, {S}himura varieties, and $L$-functions},
year={1990},
pages={161--209},
series={Perspect. Math.},
publisher={Academic Press},
}

@article{KS:1999,
  author={R. Kottwitz and D. Shelstad},
  title={Foundations of twisted endoscopy},
  journal={Ast\'erisque},
  volume={255},
  year={1999},
  pages={1--190},
}

@article{Kott:singular,
author={R. Kottwitz},
title={Stable trace formula for elliptic singular terms},
journal={Math. Ann.},
volume={275},
year={1986},
pages={365--399},
}


%%% LL

@article{licataeilenberg,
  title={Eilenberg-{Mac Lane} Spaces in Homotopy Type Theory},
  author={Licata, Daniel R. and Finster, Eric},
  journal={CSL-LICS 2014},
  pages={1--9},
  year={2014},
}

@book{ganesalingam2013language,
  title={The language of mathematics},
  author={Ganesalingam, Mohan},
  year={2013},
  publisher={Springer}
}

@book{Luby1996,
author={M. Luby},
title={Pseudorandomness and Cryptographic Applications},
publisher={Princeton University Press},
year={1996},
}

@unpublished{Lax,
author={P. Lax},
title={Report of the panel on Large Scale Computing in Science and Engineering},
note={\url{www.pnl.gov/scales/docs/lax_report1982.pdf}},
year={1982},
}

@article{Lo63,
 author={E. N Lorenz},
title={Deterministic nonperiodic flow},
journal={J. Atmos. Sci.},
volume={20},
issue={2},
pages={130--141},
year={1963},
}

@unpublished{LH11,
author={D. Licata and R. Harper},
title={Canonicity for $2$-Dimensional Type Theory},
note={preprint 2011, \url{http://www.cs.cmu.edu/~drl/pubs/lh112tt/lh112tt.pdf}},
}

@article{Lam89,
author={C. W. H. Lam and L. Thiel and S. Swierez},
title={The non-existence of finite projective planes of order $10$},
year={1989},
journal={Canadian journal of mathematics},
volume={41},
number={6},
pages={1117--1123},
}

@article{LamS,
author={C. W. H. Lam},
title={The Search for a finite projective plane of order $10$},
journal={American Mathematical Monthly},
volume={98}, 
number={4},
year={1991}, 
pages={305 -- 318}
}

@misc{LMM,
author={S. Levy and D. Maxwell and T. Munzner},
title={Outside In},
year={1994},
publisher={AK Peters},
note={video, The Geometry Center (also on YouTube)},
}

@book{Le95,
  author={S. Levy},
title={Making Waves: A Guide to the Ideas behind
``Outside In''},
publisher={AK Peters},
year={1995},
note={extract at \url{http://www.math.sunysb.edu/CDproject/OvUM/cool-links/www.geom.umn.edu/docs/outreach/oi/history.html}}
}

@article{LSW01,
author={G. Lawler and O. Schramm and W. Werner},
title={The dimension of the planar {B}rownian
frontier is $4/3$},
journal={Math. Res. Letters},
volume={8},
pages={401--411},
year={2001},
note={\url{http://www.mrlonline.org/mrl/2001-008-004/2001-008-004-001.pdf}}
}

@article{LP66,
author={L. J. Lander and T. R. Parkin},
title={Counterexample to {E}uler's conjecture
on sums of like powers},
journal={Bulletin of the AMS},
year={1966},
pages={1079},
}

@article{LL:1979,
author={J.-P. Labesse and R. P. Langlands},
title={${L}$-indistinguishability for ${SL}(2)$},
journal = {Canadian Journal of Mathematics},
volume={31},
number={4},
year={1979},
pages={726--785},
}

@book{LMB:2000,
author={G. Laumon and L. Moret-Bailly},
title={Champs alg\'ebriques},
publisher={Springer},
year={2000},
}

@book{Langlands:debuts,
   author={R. P. Langlands},
   title={Les d\'ebuts d'une formule des traces stable},
   publisher={Publ. math. de l'universit\'e Paris VII},
   year={1983},
   }

@article{LS:1987,
  author={R. P. Langlands and D. Shelstad},
  title={On the definition of transfer factors},
  journal={Math. Ann.},
  volume={278},
  year={1987}, 
  pages={219--271},
}

@book{LBC:1980,
  author={R. P. Langlands},
  title={Base Change for $GL(2)$},
  publisher={Princeton University Press},
  year={1980},
}

@article{LZ:1979,
  author={R. P. Langlands},
  title={On the Zeta-Functions of Some Simple {S}himura Varieties},
  journal={Can. J. Math.},
  volume={31}, 
  issue={No. 6}, 
  year={1979}, 
  pages={1121--1216}, 
}

@book{LPicard:1992,
   editor={R. P. Langlands and D. Ramakrishnan},
   title={The Zeta function of {P}icard modular surfaces},
   publisher={Les publications CRM},
  year ={1992},
}

@unpublished{L:Ngo,
  author={R. P. Langlands},
  title={Le lemme fondamental pour les alg\`ebres de {L}ie},
  note={to appear in Math. Reviews},
}

@unpublished{L:singer:1974,
  author={R. P. Langlands},
  title={letter to {S}inger},
  year={1974},
  note={\url{http://publications.ias.edu/rpl/section/24}},
}

@inproceedings{LS:1990,
  author={R. P. Langlands and D. Shelstad},
  title={Descent for transfer factors},
  booktitle={The Grothendieck Festschrift, Vol. II}, 
  pages={485--563},
  year={1990},
  publisher={Birkh\"auser},
  series={Prog. Math. 87},
}


%%% MM

@article{marques2009conflict,
  title={Conflict-driven clause learning SAT solvers},
  author={Marques-Silva, Joao and Lynce, In{\^e}s and Malik, Sharad},
  journal={Handbook of satisfiability},
  volume={185},
  pages={131--153},
  year={2009},
  publisher={IOS Press}
}

@incollection{cohen2010formal,
  title={A formal quantifier elimination for algebraically closed fields},
  author={Cohen, Cyril and Mahboubi, Assia},
  booktitle={Intelligent Computer Mathematics},
  pages={189--203},
  year={2010},
  publisher={Springer}
}

@article{myreen2012reflective,
  title={The reflective {Milawa} theorem prover is sound},
  author={Myreen, Magnus O and Davis, Jared},
  year={2012}
}

@unpublished{Meadows,
 author={C. Meadows},
 title={Formal Methods for Cryptographic Protocol
Analysis:
Emerging Issues and Trends},
 year={2003},
 note={\url{http://www.dtic.mil/dtic/tr/fulltext/u2/a465281.pdf}},
}

@book{RM99,
 author={R. Milner},
 title={Communicating and Mobile Systems: the Pi-calculus},
 publisher={Cambridge University Press}, 
 year={1999},
}

@article{MS2000,
  title={On the Uniformity of Distribution of Congruential Generators over Elliptic Curves},
  author={E. El Mahassni and I. Shparlinski},
  note={Sequences and their Applications \url{web.science.mq.edu.au/~igor/EC-PRNG.ps}},
 journal={Discrete Mathematics and Theoretical Computer Science},
  year={2002},
 pages={257--264},
}

@unpublished{ANT,
author ={J. Milne},
title={Algebraic Number Theory},
note={version 3.03, \url{http://www.jmilne.org/math/CourseNotes/ant.html}},
year={2011},
}

@unpublished{CFT,
author ={J. Milne},
title={Class Field Theory},
note={version 4.01, \url{http://www.jmilne.org/math/CourseNotes/cft.html}},
year={2011},
}


@book{MM,
author = {G. Malle and Matzat},
title={Inverse {G}alois theory},
year={1999},
publisher={Springer-Verlag},
}

@article{Mul11,
 author={K. Mulmuley},
 title={On {P} vs. {NP}, and Geometric Complexity Theory},
 journal={JACM},
 volume={58},
 issue={2},
 year={April 2011},
}

@article{MST,
author={F. J. MacWilliams and N. J. A. Sloane and J. G. Thompson},
title={On the existence of a projective plane of order $10$},
journal={J. Combin. Th. Ser. A},
volume = {14},
year={1973},
pages={66--78},
}

@article{HMRR,
author={M. Hutchings and F. Morgan and M. Ritor\'e and A. Ros},
title={Proof of the Double Bubble Conjecture},
journal={Electronic Research Announcements of the AMS},
volume={6},
pages={45--49},
year={2000},
}

@article{MW04,
author={R. Mastipuram and E. C. Wee},
title={Soft errors' impact on system reliability},
journal={EDN},
year={2004},
month={Sept. 30},
}

@unpublished{Man,
author={B. Mandelbrot},
title={A theory of roughness},
note={\url{http://www.edge.org/3rd_culture/mandelbrot04/mandelbrot04_index.html}},
year={2004},
}

@book{ManFN,
author={B. Mandelbrot},
title={the Fractal Geometry of Nature},
year={1982},
publisher={Freeman and Co.},
}

@article{Mih,
author={P. Mih{\u a}ilescu},
title={Primary cyclotomic units and a proof
of {C}atalan's conjecture},
year={2004},
journal={J. f\"ur die reine und
angew. Math.},
pages={167--195},
volume={572},
}

@article{TM03,
author={T. Mets\"ankyl\"a},
title={{C}atalan's conjecture: another old {D}iophantine problem solved},
journal={Bulletin AMS},
year={2003},
month={September},
volume={41},
number={1},
pages={43--57},
}

@unpublished{MParker,
author={U. Meierfrankenfeld and C.W.Parker},
title={A Computer-free Construction of the {L}yons Group},
year={2002},
note={to appear, \url{http://www.math.msu.edu/~meier/Preprints/Ly/ly.pdf}},
}

@article{Moeglin:2007,
author={C. Moeglin},
title={Classification et Changement de base pour les  s\'eries discr\`etes des groupes unitaires $p$-adiques},
journal={Pacific Journal of Math},
year={2007},
month={November},
pages={159--204},
volume={233},
issue={1},
}


@unpublished{marchal:2007,
author={Christian Marchal},
title={D\'emonstration de la conjecture de {K}epler},
note={\url{http://hal.archives-ouvertes.fr/hal-00160350/en/}}, 
year={2007},
}

% Use this.
@article{marchal:2009,
author={C. Marchal},
title={Study of the {K}epler's conjecture: the problem of the closest packing},
journal={Mathematische Zeitschrift},
month={December},
year={2009},
}



@unpublished{marchal:2008,
author={Christian Marchal},
title={Demonstration of {K}epler's conjecture. The problem of the closest packing},
note={\url{http://publications.onera.fr/exl-php/cadcgp.php} DOC368370},
year={2008},
}
%note={\url{http://publications.onera.fr/exl-php/notices/236481-demonstration-kepler-conjecture-the-problem-the-cl.htm}}, 



%%% NN

@incollection{bohme2010sledgehammer,
  title={Sledgehammer: judgement day},
  author={B{\"o}hme, Sascha and Nipkow, Tobias},
  booktitle={Automated Reasoning},
  pages={107--121},
  year={2010},
  publisher={Springer}
}

@unpublished{Nowak,
 author={D. Nowak},
 title={On Formal Verification of
Arithmetic-Based Cryptographic Primitives},
 year={2009},
 note={\url{http://arxiv.org/pdf/0904.1110.pdf}},
}


@article{NIST,
author={E. Barker and J. Kelsey},
title={Recommendation for Random Number Generation Using Deterministic Random Bit Generators},
year={2012},
journal={NIST Special Publication 800-90A},
note={\url{http://csrc.nist.gov/publications/nistpubs/800-90A/SP800-90A.pdf}},
}

@article{seL4,
title={seL4: Formal Verification of an Operating-System Kernel},
author={G. Klein and J. Andronick and K. Elphinstone and G. Heiser and D. Cock and P. Derrin and D. Elkaduwe and
K. Engelhardt and R. Kolanski and M. Norrish and T. Sewell and H. Tuch and S. Winwood},
year={2010},
volume={53},
number={6},
journal={Communications of the ACM},
PAGES={107--115},
}


@incollection{NBC:abelian,
author={B. C. Ng\^o},
title={Decomposition Theorem and Abelian Fibration},
booktitle={Stabilization of the Trace Formula, {S}himura Varieties and Arithmetic Applications},
year={2011},
editor={Michael Harris},
note={to appear},
}


@article{NBC:2010,
 author={B. C. Ng\^o},
 title={Le lemme fondamental pour les alg\`ebres de {L}ie},
 year={2010},
 journal={Publ. Math. Inst. Hautes \'Etudes Sci.},
 volume={111},
 pages={1--169},
}

@article{NBC:2006,
  author={B. C. Ng\^o},
  title={Fibration de {H}itchin et endoscopie},
  year={2006},
  journal={Invent. math},
  issue={164},
   pages={399--453},
}

@unpublished{NBC:report:2010,
author={B. C. Ng\^o},
title={Report on the Fundamental Lemma},
note={\url{http://www.math.ias.edu/~ngo/cdm.pdf}},
   year={2010},
}



%%% OO


@phdthesis{obua:phd,
  author = {Steven Obua},
  title = {Flyspeck {II}: The Basic Linear Programs},
  school = {Technische Universit{\"a}t M{\"u}nchen},
  year = {2008},
  note={\url{http://deposit.d-nb.de/cgi-bin/dokserv?idn=992033632&dok_var=d1&dok_ext=pdf&filename=992033632.pdf}\ \ \url{http://mediatum2.ub.tum.de/doc/645669/645669.pdf}}
}

@unpublished{obua:2008:video,
  author={Steven Obua},
  title={Formalization of the Proof of the {Kepler} Conjecture},
  note={\url{http://ditwww.epfl.ch/cgi-perl/EPFLTV/home.pl?page=start_video&video_type=10&lang=2&id=461&win_close=0} (video)},
}

@article{ObuaN,
   author={Steven Obua and Tobias Nipkow},
   title={Flyspeck II: the basic linear programs},
   journal={Annals of Mathematics and Artificial Intelligence},
   volume={56},
   number={3--4},
  year={2009}
}

@InProceedings{obua:import,
  author={Steven Obua and Sebastian Skalberg},
  title={Importing {HOL} into {I}sabelle/{HOL}},
  booktitle={Automated Reasoning},
  year={2006},
  series={Lecture Notes in Computer Science},
  volume={4130},
  pages={298--302},
  publisher={Springer},
}


%%% PP

@article{pelayo2012homotopy,
  title={Homotopy type theory and {Voevodsky}'s univalent foundations},
  author={Pelayo, {\'A}lvaro and Warren, Michael A},
  journal={Bulletin of the A.M.S.},
  note={to appear, arXiv preprint arXiv:1210.5658},
  year={2014}
}

@book{peterfalvi2000character,
  title={Character theory for the odd order theorem},
  author={Peterfalvi, Thomas},
  volume={272},
  year={2000},
  publisher={Cambridge University Press}
}

@article{Pau-ind,
 author={L. C. Paulson},
 title={The inductive approach to verifying cryptographic protocols},
 journal={J. Computer Security},
 volume={6},
 year={1998}, 
 pages={85--128},
}

@unpublished{Forthel,
author={A. Paskevich},
title={The syntax and semantics of the {F}or{T}he{L} language},
year={2007},
note={\url{http://nevidal.org/download/forthel.pdf}},
}

@book{PWZ,
author={M. Petkov\v{s}ek and H. S. Wilf and D. Zeilberger},
title={${A}={B}$},
year={1996},
publisher={A. K. Peters},
}

@article{PP94,
author={P. Paule},
title={Short and Easy Computer Proofs of the {R}ogers-{R}amanujan Identities and of Identities of Similar Type},
year={1994},
journal = {Electron. J. Combin.},
volume = {1},
pages = {1--9},
}

@book{HPSH,
author={H. Poincar\'e},
title={Science and Hypothesis},
year={1952},
publisher={Dover reprint},
}

@book{HPMC,
author={H. Poincar\'e},
title={Les m\'ethodes nouvelles de la m\'ecanique c\'eleste},
publisher={Dover reprint},
year={1892},
}

@book{Pi11,
editor={M. Pitici},
title={The best writing on Mathematics 2010},
year={2011},
publisher={Princeton Univ. Press},
note={forward by W. Thurston},
pages={xix},
}


@book{P00,
author={T. Peterfalvi},
title={Character theory for the odd order theorem},
publisher={Cambridge University Press},
series={LMS},
volume={272},
year={2000},
}

@inproceedings{PSST,
author={A. Pease and G. Sutcliffe and N. Siegel and S. Trac},
title={The Annual {SUMO} Reasoning Prizes at {CASC}},
year={2008},
booktitle={First International Workshop on Practical Aspects of Automated Reasoning},
volume={373},
series={CEUR Workshop Proceedings},
}

@article{Phi66,
author={A. Phillips},
title={Turning a surface inside out},
journal={Scientific American},
year={1966},
month={May},
pages={112--120},
}

@unpublished{Paar,
author={Lawrence Paulson},
title={Three Years of Experience with Sledgehammer, a Practical Link between Automatic and Interactive Theorem Provers},
year={2010},
note={Paar-2010, Practical Aspects of Automated Reasoning},
}

%%% QQ

%%% RR

@article{raussen2004interview,
  title={Interview with {Jean-Pierre Serre}},
  author={Raussen, Martin and Skau, Christian},
  journal={Notices of AMS},
  volume={51},
  number={2},
  pages={210--214},
  year={2004}
}

@book{royden,
author={H. L. Royden},
title={Real Analysis},
year={1963},
publisher={MacMillan},
}

@article{IRFF,
author={M. Iancu and F. Rabe},
title={Formalizing Foundations of Mathematics},
  year = {2011},
  pages = {883--911},
  journal = {Mathematical Structures in Computer Science},
  volume = {21},
  number ={4},
}



%%% SS

@inproceedings{WeidenbachDFKSW09,
  author    = {Christoph Weidenbach and
               Dilyana Dimova and
               Arnaud Fietzke and
               Rohit Kumar and
               Martin Suda and
               Patrick Wischnewski},
  title     = {{SPASS Version 3.5}},
  booktitle = {CADE},
  year      = {2009},
  pages     = {140-145},
  ee        = {http://dx.doi.org/10.1007/978-3-642-02959-2_10},
  crossref  = {DBLP:conf/cade/2009},
  bibsource = {DBLP, http://dblp.uni-trier.de}
}

@unpublished{SewPOPL2014,
 author={Peter Sewell},
 title={{POPL} 2014 Program Chair's Report},
 note={\url{http://www.cl.cam.ac.uk/~pes20/}},
 year={2014},
}

@article{Sol01,
  author={Ronald Soloman},
  title={A Brief History of the Classification of the finite simple groups},
  journal={Bulletin AMS},
  volume={38},
  number = {3},
pages={315-352},
 year={2001},
}

@misc{Solovyev-thesis,
 author= {A. Solovyev},
 year={2012},
 title={Formal Methods and Computations},
 note={thesis, University of Pittsburgh, \url{http://d-scholarship.pitt.edu/16721/}},
}

@article{2006-190,
 author={B. Schoenmakers and A. Sidorenko},
 title={Cryptanalysis of the Dual Elliptic Curve Pseudorandom Generator},
 journal={Cryptology ePrint Archive: Report 2006/190},
 year={2006},
 note={\url{http://eprint.iacr.org/2006/190}},
}

@book{ScAC,
author={B. Schneier},
title={Applied Cryptography},
year={1996},
publisher={John Wiley and Sons},
}

@unpublished{Stan,
author={J. D. Phillips and D. Stanovsk\'y},
title={Using Automated Theorem Provers in Nonassociative Algebra},
year={2008},
note={\url{http://www.karlin.mff.cuni.cz/~stanovsk/math/lpar08.pdf}},
}

@article{Steiner41,
author={J. Steiner},
title={{\"U}ber {M}aximum und {M}inimum bei den {F}iguren in der {E}bene, auf der 
{K}ugelfl\"ache und in {R}aume \"uberhaupt}, 
journal={C. R. Acad. Sci. Paris},
volume={12},
year={1841}, 
pages={177--308},
}


@unpublished{Stanley,
author={R. Stanley},
year={2007},
title={Sequence {A129935} in The On-Line Encyclopedia of Integer Sequences},
note={published electronically at \url{http://oeis.org/A129935}},
}

@unpublished{SpE11,
title={Type Classes for Mathematics in Type Theory},
author={B. Spitters and E. van der Weegen},
year={2011},
note={\url{http://arxiv.org/abs/1102.1323}},
}

@article{St00,
author={I. Stewart},
title={The {L}orenz attractor exists},
journal={Nature},
pages={948--949},
year={31 Aug 2000},
volume={406},
}

%  http://www2.math.uu.se/~warwick/main/papers/nature.ps

@misc{SFL,
author={J. M. Sullivan and G. Francis and S. Levy},
title={the Optiverse},
note={video \url{http://new.math.uiuc.edu/optiverse/} or YouTube}
}

@book{Se68,
author={J.-P. Serre},
title={Abelian $\ell$-adic representations and elliptic curves},
year={1968},
publisher={WA Benjamin},
}

@unpublished{Sch,
author={R. Schmidt},
title={The {S}ato-{T}ate Conjecture},
note={\url{www.math.ou.edu/~rschmidt/satotate/page5.html}}
}

@inbook{Solovyev:LP,
 title={Efficient formal verification of bounds of linear programs},
 booktitle={Intelligent Computer Mathematics},
 author={A. Solovyev and T. C. Hales},
 publisher={Springer-Verlag},
 series={LNCS},
 volume={6824},
 year={2011},
 pages={123--132},
}

@inproceedings{Shelstad:OI,
 title={Orbital integrals, endoscopic groups and ${L}$-indistinguishability for real groups},
 author={D. Shelstad},
 booktitle={Journ\'ees Automorphes},
  volume={15},
 series={Publ. Math. de l'Univ. de Paris VII },
 year={1983},
  pages={135--219},
}

@article{lipson,
author={Michael Schmidt and Hod Lipson},
title={Distilling Free-Form Natural Laws from Experimental Data},
journal={Science},
year=2009,
volume=324,
pages={81--85},
}

%%% TT

@misc{TFSAD,
 key={TFSAD},
 note={Foundations of Security Analysis and Design, \url{http://www.dsi.unive.it/IFIPWG1_7/}},
}


@misc{CSF2013,
  key={CSF2013},
  note={Computer Security Foundations Symposium, \url{http://www.ieee-security.org/CSFWweb/} \url{http://csf2013.seas.harvard.edu/index.html}},
}

@article{Tu50,
author={A. Turing},
title={Computing Machinery and Intelligence},
journal={Mind},
volume={59},
year={1950},
pages={433--460},
}

@article{Torquato-2010,
author={S. Torquato and Y. Jiao},
title={Exact Constructions of a Family of Dense Periodic Packings of Tetrahedra},
journal={Physical Review E},
volume={81},
year={2010},
note={\url{http://cherrypit.princeton.edu/papers.html}},
pages={041310-1--11}
}

@article{Torquato-Jiao:2010,
author={S. Torquato and Y. Jiao},
title={Exact constructions of a family of dense periodic packings of tetrahedra},
journal={Physical Review E},
volume={81},
year={2010},
pages={041310}
}

%%% UU

@incollection{urban2010evaluation,
  title={Evaluation of automated theorem proving on the {Mizar} mathematical library},
  author={Urban, Josef and Hoder, Krystof and Voronkov, Andrei},
  booktitle={Mathematical Software--ICMS 2010},
  pages={155--166},
  year={2010},
  publisher={Springer}
}

@inProceedings{UrM,
author={J. Urban},
title={{M}a{LAR}ea: A Metasystem for Automated Reasoning in Large Theories},
booktitle={Proceedings of the CADE-21 Workshop
on Empirically Successful Automated Reasoning
in Large Theories},
pages={45--58},
year={2007},
editor={J. Urban and G. Sutcliffe and S. Schultz},
}

%%% VV

@unpublished{VV11,
author={V. Voevodsky},
title={Univalent Foundations},
pages={7--9},
note={Mathematisches Forschungsinstitut Oberwolfach, \url{http://hottheory.files.wordpress.com/2011/06/report-11_2011.pdf}},
year={2011},
}

@unpublished{PW12,
author={A. Pelayo and M. A. Warren},
title={Homotopy Type Theory and {V}oevodsky's Univalent Foundations},
year={2012},
note={arXiv:1210.5658},
}

@unpublished{KLV12,
author={C. Kapulkin and P. F. Lumsdaine and V. Voevodsky},
title={Univalence in Simplicial Sets},
year={2012},
note={arXiv:1203.2553},
}

@unpublished{KLV12a,
author={C. Kapulkin and P. F. Lumsdaine and V. Voevodsky},
title={The simplicial model of univalent foundations},
year={2012},
note={arXiv:1211.2851},
}


@article{VE8,
author={D. Vogan},
title={The character table for ${E}_8$},
journal={Notices of the AMS},
volume={54},
number={9},
year={2007},
pages={1022--1034},
}

%%% WW

@book{Wil4CT,
author={R. Wilson},
title={Four Colors Suffice: How the Map Problem Was Solved},
year={2002},
publisher={Princeton University Press},
}

@inbook{wiedijk:pollack,
author={F. Wiedijk},
title={Pollack inconsistency},
year={2010},
booktitle={9th International Workshop on User Interfaces for Theorem Provers}, 
editor={C. Sacerdoti Coen and D. Aspinall},
publisher={ENTCS},
}

@unpublished{Wie10,
author={F. Wiedijk},
title={the next generation of proof assistants},
note={\url{http://www.cs.ru.nl/F.Wiedijk/talks/lsfa.ps.gz}, slides},
year={2010},
}

@article{wiedijk:2008:formal,
author={F. Wiedijk},
title={Formal Proof -- Getting Started},
journal={Notices of the AMS},
volume={55},
number={11},
pages={1408--1414},
year={December 2008},
}

@book{wiedijk:17,
editor={F. Wiedijk},
title={The Seventeen Provers of the World},
series={Lecture Notes in Artificial Intelligence},
publisher={Springer Verlag},
year={2006},
}


@article{WW11,
author={M. Weber and M. Wolf},
title={About the cover: early images of minimal surfaces},
journal={Bull. AMS},
volume={48},
number={3},
year={2011},
month={July},
pages={457--460}
}

@PROCEEDINGS{hol95,
        editor          = "Phillip J. Windley and Thomas Schubert and
                           Jim Alves-Foss",
        booktitle       = "Higher Order Logic Theorem Proving and Its
                           Applications: Proceedings of the 8th
                           International Workshop",
        series          = "Lecture Notes in Computer Science",
        volume          = 971,
        address         = "Aspen Grove, Utah",
        date            = "11--14 September 1995",
        year            = 1995,
        publisher       = "Springer-Verlag"}

@unpublished{wiedijk:100,
author = {F. Wiedijk},
year={referenced 2012},
title= {Formalizing 100 Theorems},
note={\url{http://www.cs.ru.nl/~freek/100/}},
}

@unpublished{FWR,
author={F. Wiedijk},
year={referenced 2010},
title={Jordan Curve Theorem},
note={\url{http://www.cs.ru.nl/~freek/jordan/index.html}},
}

% contains polar polygon area as perimeter defect:
@book{williamson:2008,
author={Benjamin Williamson},
booktitle={An Elementary Treatise on the Integral Calculus},
year={2008},
publisher={BiblioBazaar},
isbn={0554494906, 9780554494906},
}

@unpublished{wiedijk:encoding,
  title={Encoding the {HOL} {L}ight logic in {C}oq},
  author={Freek Wiedijk},
  note={\url{http://www.cs.ru.nl/~freek/notes/holl2coq.pdf}},
}

@article{Wald:transfert,
author={J.-L. Waldspurger},
title={Le lemme fondamental implique le transfert},
journal={Compos. Math.},
volume={105},
year={1997},
pages={153--236},
}

%%% XX

%%% YY

@article{Yao82,
 author={A. Yao},
 title={Theory and applications of trapdoor functions},
 journal={FOCS},
 year={1982},
 pages={384--400},
}

@unpublished{Yun:2009,
  author={Z. Yun},
  title={Towards a Global {S}pringer Theory {I}, {II}, {III}},
  note={arXiv:0904.3372v1 [math.AG]},
  year={2009},
}

%%% ZZ

@article{PZ,
author={F. Pfender and G. Ziegler},
title={Kissing Numbers, Sphere Packings, and Some Unexpected Proofs},
journal={Notices of the AMS},
month={September},
year={2004},
pages={873--883},
}

@article{Wired-backdoor,
author={K. Zetter},
title={How a crypto 'backdoor' pitted the tech world against the {NSA}},
journal={Wired},
year={2013},
month={September 24},
note={\url{http://www.wired.com/threatlevel/2013/09/nsa-backdoor/}},
}

%% NO AUTHOR


%% ZZ UNSORTED








@unpublished{plantri,
author={G. Brinkmann and B. D. McKay},
title={Fast generation of planar graphs (expanded edition)},
year={2007},
note={\url{http://cs.anu.edu.au/~bdm/papers/plantri-full.pdf}},
}



@article{Ennola-1961,
author={V. Ennola},
title={On the Latice Constant of a Symmetric Convex
Domain}, 
journal={J. London Math. Soc.},
volume={36},
year={1961},
pages={135--138},
}


@article{Conway-2006,
author={J. H. Conway and S. Torquato},
title={Packing, tiling, and covering with tetrahedra},
journal={PNAS},
year={July 11, 2006},
volume={103},
issue={28},
pages={10612--10617}
}

@book{huishi-li,
author={Huishi Li},
title={Noncommutative Gr\"obner bases and filtered-graded transfer},
year={2002},
publisher={Springer},
}

@book{ampl,
title={The {AMPL} Book},
author={Rober Fourer and David M. Gay and Brian W. Kernighan},
year={2002},
publisher={Brooks/Cole},
}

@book{barvinok:2002,
author={A. Barvinok},
title={A Course in Convexity},
series={Graduate Studies in Mathematics},
volume={54},
year={2002},
publisher={American Mathematical Society},
}

@article{Corry,
author={Leo Corry},
title={On the history of {Fermat's} last theorem: fresh views on an old tale},
year={2010},
journal={Mathematische Semesterberichte},
volume={57},
number={1},
pages={123-138},
}
%http://www.springerlink.com/content/l21826533p853414/

@book{splag,
author = {J. H. Conway and N. J. A. Sloane},
title={Sphere Packings, Lattices, and Groups},
publisher={Springer},
}

@article{CoSl95,
author = {J. H. Conway and N. J. A. Sloane},
title={What are all the best sphere packings in low dimensions?},
journal={DCG},
volume={13},
year = {1995},
pages={383--403},
}


@article{guedj,
author={Denis Guedj},
note={Translated by Jeremy Gray},
title={Nicholas Bourbaki, Collective Mathematician: An interview with
{Claude} {Chevalley}},
journal={The Mathematical Intelligencer},
volume={7},
number ={2},
year={1985},
pages={18--23},
}

@article{cartan,
author={Henri Cartan},
title={Nicholas Bourbaki and Contemporary Mathematics},
journal={the Mathematical Intelligencer},
pages={175--181},
volume={2},
number={4},
note={originally published in 1958},
year={1980},
}


@article{Harrison:2008:formal,
author={J. Harrison},
title={Formal proof -- Theory and Practice},
journal={Notices of the AMS},
volume={55},
number={11},
year={December 2008},
pages={1395--1406},
}





@InProceedings{McLaughlin:2006:IJCAR,
  title =	"An Interpretation of {I}sabelle/{HOL} in {HOL} {L}ight",
  author =	"S. McLaughlin",
  booktitle =	"IJCAR",
  publisher =	"Springer",
  year = 	"2006",
  volume =	"4130",
  editor =	"Ulrich Furbach and Natarajan Shankar",
  pages =	"192--204",
  series =	"Lecture Notes in Computer Science",
}



@inproceedings{695027,
 author = {Ewen Denney},
 title = {A Prototype Proof Translator from {HOL} to {C}oq},
 booktitle = {TPHOLs '00: Proceedings of the 13th International Conference on Theorem Proving in Higher Order Logics},
 year = {2000},
 isbn = {3-540-67863-8},
 pages = {108--125},
 publisher = {Springer-Verlag},
 address = {London, UK},
 }






@book{caviness-johnson,
editor={B.~F. Caviness and J.~R. Johnson},
title={Quantifier Elimination and Cylindrical Algebraic Decomposition},
series={Texts and monographs in symbolic computation},
publisher={Springer-Verlag}, 
year={1998},
}

@book{webster:1994,
author={R. J. Webster},
title={Convexity},
publisher={Oxford University Press},
year={1994},
}

@book{LNCS2283,
author={Tobias Nipkow and Lawrence Paulson and Markus Wenzel},
title="{Isabelle/HOL} --- A Proof Assistant for {Higher-Order Logic}",
publisher=Springer,series=LNCS,volume=2283,year=2002,
note={\url{http://www.in.tum.de/~nipkow/LNCS2283/}}
}

@book{nipkow:tutorial02,
  author    = {Tobias Nipkow and
               Lawrence C. Paulson and
               Markus Wenzel},
  title     = {{Isabelle/HOL} - A Proof Assistant for {Higher-Order Logic}},
  publisher = {Springer},
  series    = {Lecture Notes in Computer Science},
  volume    = {2283},
  year      = {2002},
  isbn      = {3-540-43376-7},
  bibsource = {DBLP, http://dblp.uni-trier.de}
}


@incollection {collins,
    AUTHOR = {Collins, George E.},
     TITLE = {Quantifier elimination for real closed fields by cylindrical
              algebraic decomposition},
 BOOKTITLE = {Automata theory and formal languages ({S}econd {GI} {C}onf.,
              {K}aiserslautern, 1975)},
     PAGES = {134--183. Lecture Notes in Comput. Sci., Vol. 33},
 PUBLISHER = {Springer},
   ADDRESS = {Berlin},
      YEAR = {1975},
   MRCLASS = {02H15 (12D15 68A20 02J15)},
  MRNUMBER = {MR0403962 (53 \#7771)},
MRREVIEWER = {Jo Ann Howell},
}


@incollection{harrison-demo,
 author={J.~Harrison},
 title={{HOL} {L}ight: A tutorial introduction},
 editor={M.~Srivas and A.~Camilleri},
 booktitle={Proceedings of the First
  International Conference on Formal Methods in Computer-Aided Design
  ({FMCAD}'96)}, 
  volume={1166},  
  series={Lecture Notes in Computer Science}, 
  pages={265--269}, 
 publisher={Springer-Verlag}, 
 year={1996},
}


@incollection {harrison-euclidean,
    AUTHOR = {Harrison, John},
     TITLE = {A {HOL} theory of {E}uclidean space},
 BOOKTITLE = {Theorem proving in higher order logics},
    SERIES = {Lecture Notes in Comput. Sci.},
    VOLUME = {3603},
     PAGES = {114--129},
 PUBLISHER = {Springer},
   ADDRESS = {Berlin},
      YEAR = {2005},
   MRCLASS = {68T15},
  MRNUMBER = {MR2197008},
}

@incollection{harrison-sos,
 AUTHOR={J.~Harrison},
 title= {Verifying nonlinear real formulas via sums of squares},
 editor={K.~Schneider and J.~Brandt},  
 booktitle={Proceedings of the 20th
  International Conference on Theorem Proving in Higher Order Logics, TPHOLs
  2007}, 
  volume={4732}, 
  series= {Lecture Notes in Computer Science}, 
  pages = {102--118}, 
  address=  {Kaiserslautern, Germany},
  year={2007},
 publisher= {Springer-Verlag},
}


@book {hormander-pdo2,
    AUTHOR = {H{\"o}rmander, Lars},
     TITLE = {The analysis of linear partial differential operators. {II}},
    SERIES = {Classics in Mathematics},
      NOTE = {Differential operators with constant coefficients,
              Reprint of the 1983 original},
 PUBLISHER = {Springer-Verlag},
   ADDRESS = {Berlin},
      YEAR = {2005},
     PAGES = {viii+392},
      ISBN = {3-540-22516-1},
   MRCLASS = {35-02 (35Exx 42B10)},
  MRNUMBER = {MR2108588 (2005g:35002)},
}

@article{mahboubi-hormander,
  AUTHOR= {A.~Mahboubi and L.~Pottier},
  TITLE= {Elimination des quantificateurs sur les r{\'e}els en {C}oq},
 JOURNAL= {In Journ{\'e}es Francophones des Langages Applicatifs (JFLA)},
 note={available on the Web from
  {\url{http://www.lix.polytechnique.fr/~assia/Publi/jfla02.ps}}}, 
  year={2002},
}

@article{Euler,
  author={Euler, L.},
  title={Variae speculationes super area
Triangulorum Sphaericorum},
  journal={N. Acta Ac. Petrop.},
  year={1797},
  pages={47--62},
  note={E698 (Ernestr\"om index)},
}


@incollection {mclaughlin-harrison,
    AUTHOR = {McLaughlin, S. and Harrison, John},
     TITLE = {A proof-producing decision procedure for real arithmetic},
 BOOKTITLE = {Automated deduction---{CADE}-20},
    SERIES = {Lecture Notes in Comput. Sci.},
    VOLUME = {3632},
     PAGES = {295--314},
 PUBLISHER = {Springer},
   ADDRESS = {Berlin},
      YEAR = {2005},
   MRCLASS = {03B35 (03C10 68T15)},
  MRNUMBER = {MR2202724},
}


@article {parrilo-semidefinite,
    AUTHOR = {Parrilo, Pablo A.},
     TITLE = {Semidefinite programming relaxations for semialgebraic
              problems},
      NOTE = {Algebraic and geometric methods in discrete optimization},
   JOURNAL = {Math. Program.},
  FJOURNAL = {Mathematical Programming. A Publication of the Mathematical
              Programming Society},
    VOLUME = {96},
      YEAR = {2003},
    NUMBER = {2, Ser. B},
     PAGES = {293--320},
      ISSN = {0025-5610},
   MRCLASS = {90C22 (13J30 14P10 90C10)},
  MRNUMBER = {MR1993050 (2004g:90075)},
MRREVIEWER = {Franz Rendl},
}

@unpublished{solovay-jointpaper,
 AUTHOR = {R.~M. Solovay and R.~D. Arthan and J.~Harrison},
 TITLE =  {Some new results on decidability for elementary algebra and geometry},
 YEAR = {2009},
 note = {submitted APAL}
}


@book {tarski-decision,
    AUTHOR = {Tarski, A.},
     TITLE = {A decision method for elementary algebra and geometry},
      NOTE = {2nd ed},
 PUBLISHER = {University of California Press},
   ADDRESS = {Berkeley and Los Angeles, Calif.},
      YEAR = {1951},
     PAGES = {iii+63},
   MRCLASS = {02.0X},
  MRNUMBER = {MR0044472 (13,423a)},
}


@book {wiedijk-17,
     TITLE = {The seventeen provers of the world},
    SERIES = {Lecture Notes in Computer Science},
    VOLUME = {3600},
    EDITOR = {Wiedijk, Freek},
      NOTE = {Foreword by Dana S. Scott,
              Lecture Notes in Artificial Intelligence},
 PUBLISHER = {Springer-Verlag},
   ADDRESS = {Berlin},
      YEAR = {2006},
     PAGES = {xvi+159},
      ISBN = {978-3-540-30704-4; 3-540-30704-4},
   MRCLASS = {68T15 (03B35)},
  MRNUMBER = {MR2251017 (2007d:68155)},
}






@incollection{BauerN-AFP06,
  author =       {T. Nipkow and G. Bauer},
  title =        {Flyspeck {I}: Tame Graphs},
  booktitle =    {The Archive of Formal Proofs},
  editor =       {G. Klein and T. Nipkow and L. Paulson},
  publisher =    {\url{http://afp.sf.net/entries/Flyspeck-Tame.shtml}},
  month =        May,
  year =         2006
}

%  note={\url{http://www4.informatik.tu-muenchen.de/~nipkow/pubs/Flyspeck/ijcar06.pdf}},


@unpublished{BauerN-Towards-2006,
   author =       {Tobias Nipkow and Gertrud Bauer},
  title={Towards a Verified Enumeration of All Tame Plane Graphs},
  \note={\url{http://drops.dagstuhl.de/opus/volltexte/2006/434/pdf/05021.NipkowTobias.Paper.434.pdf}},
  year={2006}
}



@unpublished{BauerN-Flyspeck-I-Isabelle,
    author =       {Tobias Nipkow and Gertrud Bauer},
  title =        {Flyspeck {I}: Tame Graphs},
 note={\url{http://www4.informatik.tu-muenchen.de/~nipkow/pubs/Flyspeck/}},
  year =         2006}


@inproceedings{garloff,
     author = {J. Garloff},
      title = {Convergent bounds for the range of multivariate polynomials},
  booktitle = {Proceedings of the International Symposium on interval mathematics on Interval mathematics 1985},
       year = 1985,
       isbn = {3-387-16437-5},
      pages = {37--56},
   location = {Freiburg, Germany},
  publisher = {Springer-Verlag},
    address = {London, UK},
}

@article{Gau31,
  author={C. F. Gauss},
  title={{U}ntersuchungen \"uber die {E}igenscahften der
positiven tern\"aren quadratischen {F}ormen von {L}udwig {A}ugust {S}eber},
  note={also published in {\it J. {R}eine {A}ngew. Math.} 20 (1840), 312--320,
and
    {\it Werke},  vol. 2,
    K\"onigliche Gesellschaft der Wissenschaften, G\"ottingen,
            1876, 188--196.},
  journal={G\"ottingische gelehrte Anzeigen},
  year={1831},
  month={July}
}
%    {\it }, 1831 Juli 9,


@phdthesis{roland-thesis,
     author = "Roland Zumkeller",
      title = "Global Optimization in Type Theory",
     school = "\'Ecole Polytechnique Paris",
       year = 2008
}

@unpublished{zumkeller-nonlinear,
  author = "Roland Zumkeller",
  title="A Numerically Valid and Provably
Correct Method for Non-polynomial Global Optimization",
  note={in preparation},
  year={2010},
}


@Article{Revol:2005:MPFI,
  author =	"N. Revol and F. Rouillier",
  title =	"Motivations for an Arbitrary Precision Interval
		 Arithmetic and the {MPFI} Library",
  journal =	"Reliable Computing",
  number =	"4",
  volume =	"11",
  pages =	"275--290",
  year = 	"2005",
}

@InProceedings{conf/ml/Weeks06,
  title =	"Whole-program compilation in {ML}ton",
  author =	"Stephen Weeks",
  bibdate =	"2007-11-06",
  bibsource =	"DBLP,
		 http://dblp.uni-trier.de/db/conf/ml/ml2006.html#Weeks06",
  booktitle =	"ML",
  booktitle =	"Proceedings of the {ACM} Workshop on {ML}, 2006,
		 Portland, Oregon, {USA}, September 16, 2006",
  publisher =	"ACM",
  year = 	"2006",
  editor =	"Andrew Kennedy and Fran{\c c}ois Pottier",
  ISBN = 	"1-59593-483-9",
  pages =	"1",
  URL =  	"http://doi.acm.org/10.1145/1159876.1159877",
}

@ARTICLE{Monniaux:2008:TOPLAS,
  author = {David Monniaux},
  title = {The pitfalls of verifying floating-point
                  computations},
  journal = {TOPLAS},
  fjournal = {ACM Transactions on programming languages and systems},
  year = 2008,
  month = MAY,
  publisher = {ACM},
  fpublisher = {Association for Computing Machinery},
  volume = 30,
  number = 3,
  pages = 12,
}

@InProceedings{Toth:1943:MZ,
  author =       {L. {Fejes T{\'o}th}},
  title =        {\"Uber die dichteste {K}ugellagerung},
  booktitle =    {Mathematische Zeitschrift},
  pages =        {676--684},
  volume =       48,                   
  year =         1943
}

@article{Fejes-Toth:69,
  author={L. {Fejes T{\'o}th}},
  title={Remarks on a Theorem of {R. M.} {R}obinson},
  journal={Studia Scientiarum Hungarica},
  year={1969},
  volume={4},
  pages={441-445},
}  

@article{Fejes-Toth:89,
  author={L. {Fejes T{\'o}th}},
   title={Research Problems},
  journal={Periodica Mathematica Hungarica},
   volume={29},
  issue={1},
  year={1989},
   pages={89--91},
}

@article{Fejes-Toth:50,
author={L. {Fejes T{\'o}th}}, 
title={Some packing and covering theorems}, 
journal={Acta Sci. Math.
(Szeged)},
volume={12},
year={1950}, 
pages={62--67},
}

@Book{Toth:1972:Lagerungen,
  author =    {L. {Fejes T{\'o}th}},
  title =        {{L}agerungen in der {E}bene auf der {K}ugel und im {R}aum},
  publisher =    springer,
  year =         1972,
  address =   {Berlin-New York},
  edition =   {Second},
}

@Book{Fej53,
  author =    {L. {Fejes T{\'o}th}},
  title =        {{L}agerungen in der {E}bene auf der {K}ugel und im {R}aum},
  publisher =    springer,
  year =         1953,
  address =   {Berlin-New York},
  edition =   {first},
}
                  
@Book{Toth:1964:Regular,
  author =       {L. {Fejes T{\'o}th}},
  title =        {Regular Figures},
  publisher =    {Pergamon Press},
  year =         1964,
  address =      {Oxford-London-New York},
}





@book{Gardner:2001,
 author={M. Gardner},
  title={The Colossal Book of Mathematics: Classic Puzzles, Paradoxes, and Problems},
  publisher={W. W. Norton}, 
  pages={128-136}, 
  year={2001},
  address={New York},
  note={Chapter 10: Packing Spheres},
}


@article{Grinberg:1999,
author={E. Grinberg and G. Zhang}, 
title={Convolutions, Transforms, and Convex Bodies},
journal={Proc. London Math. Soc. (3)},
volume={78},
issue={1},
year={1999}, 
pages={77--115},
}

@article{Juhasz:1983,
author={I. Juh\'asz}, 
title={Research Problems}, 
journal={Periodica Math. Hungarica},
volume={14}, 
year={1983}, 
pages={309--314},
}

@article{Ledermann:1949,
author={W. Ledermann}, 
title={On lattice points in a convex
decagon},
journal={Acta Math.},
volume={81}, 
year={1949},
pages={319--351},
}

@article{Mahler:1946,
author={K. Mahler}, 
title={The Theorem of {M}inkowski-{H}lawka}, 
journal={Duke Math. J.},
volume={13},
year={1946}, 
pages={611--621},
}

@article{Mahler:47a,
author={K. Mahler}, 
title={On the area and the densest packing of convex domains},
journal={Proc. Koninkl. Nederl. Akad. Wet.}, 
volume={50}, 
pages={108--118},
year={1947},
}

@article{Mahler:47b,
author={K. Mahler}, 
title={On the minimum determinant and the circumscribed hexagons 
of convex domain}, 
journal={Proc. Konink. Nederl. Akad. Wet.}, 
volume={50},
year={1947},
}

@article{Nazarov,
author={F. L. Nazarov}, 
title={On the {R}einhardt problem of lattice packings
of convex regions, Local extremality of the {R}einhardt octagon},
journal={J. Soviet Math},
volume={43},
issue={5},
year={1988}, 
pages={2687--2693},
}

@book{Pach:1995,
author={J. Pach and P. K. Agarwal}, 
title={Combinatorial Geometry}, 
publisher={Wiley}, 
address={New York}, 
year={1995},
}

@book{Pontryagin:1986,
author={L. S. Pontryagin}, 
title={The Mathematical Theory of Optimal Processes, Selected Works IV.}, 
publisher={Gordon and Breach Science}, 
year={1986},
}

@article{Reinhardt:1934,
author={K. Reinhardt}, 
title={\"{U}ber die dichteste gitterf\"ormige {L}agerung
kongruenter {B}ereiche in der 
{E}bene und eine besondere {A}rt konvexer {K}urven}, 
journal={Abh. Math. Sem., Hamburg, Hansischer Univ., Hamburg},
volume={10}, 
pages={216--230}, 
year={1934},
}

@book{Schirotzek:2006,
author={W. Schirotzek}, 
title={Nonsmooth Analysis}, 
publisher={Universitext}, 
year={2006},
}

@book{Vinter:2000,
author={R. Vinter},
title={Optimal Control},
publisher={Birkh\"auser}, 
address={Boston}, 
year={2000},
}

@article{Tammela:1970,
author={P. P. Tammela}, 
title={A bound on the critical determinant of a two-dimensional convex symmetric domain},  
journal={Izv. Vyssh. Uchebn. Zaved. Mat.},
volume={103},
issue={12},
pages={103--107},
year={1970},
}



@Misc{website:arXiv,
  title = "arXiv",                   
  note = {\url{http://arxiv.org/}}
}

@article{Thu92,
  author = {A. Thue},
  title={Om nogle geometrisk taltheoretiske Theoremer},
  journal={Forandlingerneved de Skandinaviske Naturforskeres},
  year={1892},
  pages={352--353},
  volume={14},
}

@article{Thu10,
  author={A. Thue},
  title={\"Uber die dichteste {Z}usammenstellung von
    kongruenten {K}reisen in der {E}bene},
  journal={Christinia Vid. Selsk. Skr.},
  year={1910},
  pages={1--9},
  volume={1},
}


@inbook{Mishra:1997,
  author={M. Bhubaneswar},
  title={Computational Real Algebraic Geometry},
  booktitle={Handbook of Discrete and Computational Geometry},
  year={1997},
  publisher={CRC Press},
}


@article{Cohn-Kumar,
author={H. Cohn and A. Kumar},
title={The densest lattice in twenty-four
dimensions}, 
journal={Electronic Research Annoucements of the American Mathematical Society},
volume={10},
pages={58--67},
year = {2004},
note={\url{math.MG/0408174}},
}

@article{Lagrange,
author={J. L. Lagrange},
title={Recherches d'arithm\'etique},
journal={Mem.
    Acad. Roy. Sc. Bell Lettres Berlin},
year={1773},
volume={3},
pages={693--758},
note={volume and pages refer to \OE uvres}},
}


@Book{Lanier,
   author={J. Lanier},
   title= {You are not a gadget},
   publisher={Alfred A. Knopf},
   year={2010},
  address={New York}
}


@PhdThesis{Bauer:2006:Thesis,
  author =       {Gertrude Bauer},
  title =        {Formalizing Plane Graph Theory -- Towards a Formalized Proof
                 of the {Kepler} Conjecture},
  school =       {Technische Universit\"at M\"unchen},
  note={\url{http://deposit.ddb.de/cgi-bin/dokserv?idn=978904389&dok_var=d1&dok_ext=pdf&filename=978904389.pdf}},
  year =         2006}

@Article{Goldberg:1990:ACM,
  author =	"David Goldberg",
  title =	"What every computer scientist should know about
		 floating-point arithmetic",
  journal =	"ACM Computing Surveys",
  year = 	1990,
  volume =	23,
  number =	1,
  pages =	"5--48",
  month =	mar,
}

@InProceedings{Comon:1991:Robinson,
  title =	"Disunification: {A} Survey",
  author =	"Hubert Comon",
  year = 	"1991",
  bibdate =	"2002-01-03",
   booktitle =	"Computational Logic - Essays in Honor of Alan
		 Robinson",
  pages =	"322--359",
}

@Article{Comon:1989:JSC,
  author =	"H. Comon and P. Lescanne",
  title =	"Equational problems and disunification.",
  journal =	"Journal of Symbolic Computation",
  volume =	"3--4(7)",
  pages =	"371--426",
  year = 	"1989",
}

@Book{Hart:1968:Approximations,
  author =	"John F. Hart and others",
  title =	"Computer Approximations",
  publisher =	"John Wiley \& Sons",
  year = 	"1968",
}

@Book{Bour:68:Sets,
   author = {N. Bourbaki},
   title = {Elements of Sets},
   publisher = {Addison-Wesley},
   address={Boston MA},
    year = {1968},
}



@InProceedings{Byrd:2006:LSNO,
  author = 	 {R. H. Byrd and J. N. Ocedal and R. A. Waltz},
  title = 	 {KNITRO: An Integrated Package for Nonlinear Optimization},
  booktitle =    {Large-Scale Nonlinear Optimization},
  pages = 	 {35-59},
  year = 	 2006,
  editor =       {G. di Pillo and M. Roma},
  publisher =    springer}
                  
@INPROCEEDINGS{Zumkeller:2006:IJCAR,
  author = {Roland Zumkeller},
  title = {Formal Global Optimisation with Taylor Models},
  booktitle = ijcar,
  year = 2006,
  editor = {Ulrich Furbach and Natarajan Shankar},
  volume = 4130,
  series = lncs,
  pages = {408--422},
  publisher = springer
}

@Article{Andreoli:2001:APAL,
  author = 	 {Jean-Marc Andreoli},
  title = 	 {Focussing and Proof Construction},
  journal = 	 {Annals of Pure and Applied Logic},
  year = 	 2001,
  volume = 	 107,
  number = 	 {1--3},
  pages = 	 {131--163}}

@INPROCEEDINGS{Tammet:1996:CADE,
  author = {Tanel Tammet},
  title = {A Resolution Theorem Prover for Intuitionistic Logic},
  booktitle = cade,
  editor = "M. A. McRobbie and J. K. Slaney",
  pages = "2--16",
  year = 1996,
  publisher = {Springer}
}

@unpublished{Musin-Tarasov,
author = {O. R. Musin and A. S. Tarasov},
 title={The strong thirteen spheres problem},
note={preprint \url{http://arxiv.org/abs/1002.1439}},
month={February},
year={2010},
}

@Unpublished{Garg:2005:Sandstorm,
  author =       {Deepak Garg and Tom Murphy and Greg Price and Jason Reed and Noam Zeilberger},
  title =        {Team Red: The {S}andstorm Theorem Prover},
  note =         {\url{http://www.cs.cmu.edu/~tom7/papers/}},
}

@article{Hilbert,
  author={D. Hilbert}, 
  title={Mathematische Probleme}, 
  journal={Archiv Math. Physik},
   volume={1},
   year={1901},
  pages={44--63},
    note={(also in Proc. Sym. Pure Math. 28, 1976, 1--34)}
}

@Article{Maslov:1964:Inverse,
  author =	"S. Yu. Maslov",
  year = 	"1964",
  title =	"An inverse method for establishing deducibility in
		 classical predicate calculus",
  journal =	"Doklady Akademii nauk SSSR",
  volume =	"159",
  pages =	"17--20",
}

@INPROCEEDINGS{Avellone:2007:PITP,
  author = {Alessandro Avellone and Guido Fiorino and Ugo Moscato},
  title = {Improvements to the Tableau Prover {PITP}},
  booktitle = tableaux,
  year = {2007},
  editor = {Nicola Olivetti},
  volume = {4548},
  series = {Lecture Notes in Computer Science},
  pages = {233--237},
  publisher = {Springer}
}

@BOOK{Bertot:2004:CoqBook,
  title = {Interactive theorem proving and program development: {Coq'Art}: the
	Calculus of Inductive Constructions},
  publisher = springer,
  year = {2004},
  author = {Yves Bertot and Pierre Cast{\'e}ran},
  pages = {xxv + 469},
  series = {Texts in theoretical computer science}
}

@ARTICLE{DeBruijn:1972:Terms,
  author = {Bruijn, N. G. de},
  title = {Lambda Calculus Notation with Nameless Dummies, A Tool for Automatic
	Formula Manipulation, with Application to the {C}hurch-{R}osser Theorem},
  journal = {Indagationes Mathematicae},
  year = {1972},
  volume = {34},
  pages = {381--392}
}

@ARTICLE{Dyckhoff:1992:Contraction,
  author = {Roy Dyckhoff},
  title = {Contraction-free Sequent Calculi for Intuitionistic Logic},
  journal = {Journal of Symbolic Logic},
  year = {1992},
  volume = {57},
  pages = {795--807},
  number = {3}
}



@INPROCEEDINGS{Bezdek:1997:IJM,
  author = {K\'aroly Bezdek},
  title = {Isoperimetric inequalities and the dodecahedral conjecture},
  booktitle = {International Journal of Mathematics},
  volume = {8/6},
  year = {1997},
  pages = {759--780},
}

@article{Bezdek00,
  author={K. Bezdek},
  title={On a stronger form of {R}ogers' lemma and the minimum surface area of
   {V}oronoi cells in unit ball packings},
  journal={J. {R}eine {A}ngew. Math.},
  volume={518},
  year={2000},
  pages={131--143},
}

@article{Bezdek05,
   author={K. Bezdek and E.  Dar\'oczy-Kiss},
   title={Finding the best face on a {V}oronoi polyhedron -- the strong
                  dodecahedral conjecture revisited},
  journal={Monatshefte f\"ur Mathematik},
  volume={145},
  year={2005},
  pages={191--2006},
}

@INPROCEEDINGS{Bezdek:2004:WSP,
  author = {Karoly Bezdek},
  title = {Sphere packings in $3$-space},
  booktitle = {Proceedings of COE Workshop on Sphere Packings},
  publisher = {Kyush University Press},
  year = {2004},
  pages = {32--49},
}

@InProceedings{Collins:1975:ATFL,
  author =	"G. E. Collins",
  title =	"Quantifier Elimination for Real Closed Fields by
		 Cylindrical Algebraic Decomposition",
  booktitle =	"Automata Theory and Formal Languages",
  volume =	"33",
  series =	"Lecture Notes in Computer Science",
  pages =	"134--183",
  publisher =	"Springer-Verlag",
  address =	"Berlin",
  year = 	"1975",
  editor =	"H. Brakhage",
}




@MISC{website:HarsbargerVoronoi,
  author = {E. Harshbarger},
  title = {Saturated Packings and {Voronoi} cells} ,
  year = "1996",                
  note = {\url{http://www.ericharshbarger.org/voronoi.html}}
}

@BOOK{Hormander:1983:PDO,
  title = {The Analysis of Linear Partial Differential Operators {II}},
  publisher = springer,
  year = {1983},
  author = {Lars H\"ormander},
  volume = "257",
  series = {Grundlehren der mathematischen Wissenschaften}
}
 
                  
@TechReport{Lawrence:1997:CFSQP,
  author =	"C. Lawrence and J. L. Zhou and A. L. Tits",
  institution =  "Institute for Systems Research, University of Maryland",
  number =	"TR-94-16r1",
  title =	"A {C} Code for Solving (Large Scale) Constrained Nonlinear (Minimax) Optimization Problems, Generating Iterates Satisfying All Inequality Constraints",
  year = 	"1997",
  note = {\url{http://www.aemdesign.com/download-cfsqp/cfsqp-manual.pdf}} 
}

@Misc{McLaughlin:2008:KeplerCode,
  author =       {S. McLaughlin},
  title =     {{KeplerCode: computer resources for the {Kepler} and Dodecahedral Conjecutures}},
  note =    {\url{http://code.google.com/p/kepler-code/}}
}

@InProceedings{Muder:1988:Voronoi,
  author =       {D. J. Muder},
  title =        {Putting the best face on a {V}oronoi polyhedron},
  booktitle = {Proceedings of the London Mathematical Society},
  pages =     {329-348},
  year =      1988,
  volume =    "3/56"
}

@InProceedings{Muder:1993:Bound,
  author =       {D. J. Muder},
  title =        {A new bound on the local density of sphere packings},
  booktitle = {Discrete and Computational Geometry},
  pages =     {351-375},
  year =      1993,
  volume =    10}

@InProceedings{Leech:1956:MG,
  author =	"J. Leech",
  title =	"The Problem of the Thirteen Spheres",
  booktitle =	"Mathematical Gazette",
  month =       feb,
  year =	"1956",
  pages = 	"22-23",
}
                 
@InProceedings{Hsiang:1993:IJM,
  author =	"W.-Y. Hsiang",
  title =	"On the sphere packing problem and the proof of {Kepler's} conjecture",
  booktitle =	"International Journal of Mathematics",
  volume =	"4/5",
  year =	"1993",
  pages = 	"739--831",
}
                  
@BOOK{Alefeld:1983:Interval,
  title = {Introduction to Interval Computations},
  publisher = {Academic Press},
  year = {1983},
  author = {G\"otz Alefeld and J\"urgen Herzeberger},
}
                  
@Book{IEEE:1985:IEE754,
  author =	"{IEEE Standards Committee 754}",
  title =	"{IEEE} Standard for binary floating-point arithmetic,
		 {ANSI}/{IEEE} {S}tandard 754-1985",
  year = 	"1985",
  publisher =	"Institute of Electrical and Electronics Engineers, New
		 York"
}

@Book{Kearfott:1996:Interval,
  author =	"R. B. Kearfott",
  title =	"Rigorous Global Search: Continuous Problems",
  publisher =	"Kluwer",
  address =	"Dodrecht, Netherlands",
  year = 	"1996",
}

@INPROCEEDINGS{Nipkow:2005:Tame,
  author =  {T. Nipkow and G. Bauer and P. Schultz},
  title = {{Flyspeck I: Tame Graphs}},
  booktitle = ijcar,
  year = {2006},
  editor = {Ulrich Furbach and Natarajan Shankar},
  volume = {4130},
  series = lncs,
  pages = {21--35},
  publisher = springer
}

@inproceedings{NipkowBS-IJCAR06,
author={Tobias Nipkow and Gertrud Bauer and Paula Schultz},
title={Flyspeck {I}: Tame Graphs},
booktitle="Automated Reasoning (IJCAR 2006)",
editor="U. Furbach and N. Shankar",
publisher=Springer,series=LNCS,volume={4130},pages={21--35},year=2006}

@INPROCEEDINGS{Obua:2005:Thesis,
  author = {S. Obua},
  title = {Proving Bounds for Real Linear Programs in {I}sabelle/{HOL}},
  booktitle = tphols,
  year = {2005},
  editor = {J. Hurd and T. F. Melham},
  volume = {3603},
  series = lncs,
  pages = {227--244},
  publisher = springer
}




@Book{Kernighan:1978:C,
  author =	"Kernighan and Ritchie",
  title =	"The {C} Programming Language",
  publisher =	"Prentice Hall",
  address =	"Englewood Cliffs",
  year = 	"1978",
}

@Book{Kernighan:1988:C,
  author =	"B. W. Kernighan and D. M. Ritchie",
  title =	"The {C} Programming Language, 2nd edition",
  publisher =	"Prentice-Hall",
  year = 	"1988",
}
                  
@Book{Stroustrup:1986:CPP,
  author =	"B. Stroustrup",
  title =	"The C++ Programming Language",
  year = 	1986,
  publisher =	"Addison-Wesley",
}

@Booklet{website:Cplex,
  title = "{CPLEX Linear Optimizer and Mixed Integer Optimizer}",
  note = {\url{http://www.ilog.com/products/cplex/}} 
}                  
                  
@Misc{website:Java,
  note = 	"\url{http://java.sun.com/}",
  title =	"Java",
}

@Book{Wolfram:NKS,
author={S. Wolfram},
title={A New Kind of Science},
publisher={Wolfram Media},
year={2002},
note={\url{http://www.wolframscience.com/reference/notes/971c}},
}
         
@Book{Wolfram:1999:MB,
  author =	"Stephen Wolfram",
  title =	"The {Mathematica} Book",
  edition =	"Fourth",
  publisher =	"Wolfram Media, Champaign, IL, USA and Cambridge
		 University Press, Cambridge, UK",
  year = 	1999,
}

@BOOK{Paulson:1994:Isabelle,
  title = {{Isabelle: A Generic Theorem Prover}},
  publisher = springer,
  year = {1994},
  author = {Larry Paulson},
  volume = {828},
  series = lncs
}

@INPROCEEDINGS{Pfenning:1991:LFLogicProg,
  author = {Frank Pfenning},
  title = {Logic Programming in the {LF} Logical Framework},
  booktitle = {Logical Frameworks},
  year = {1991},
  editor = {G\'{e}rard Huet and Gordon Plotkin},
  pages = {149--181},
  publisher = {Cambridge University Press}
}

@INPROCEEDINGS{Pfenning:1999:Twelf,
  author = {Frank Pfenning and Carsten Sch{\"u}rmann},
  title = {System Description: Twelf : {A} Meta-Logical Framework for Deductive
	Systems},
  booktitle = cade,
  year = {1999},
  editor = {Harald Ganzinger},
  volume = {1632},
  series = lnai,
  pages = {202--206},
  publisher = springer
}

@ARTICLE{Raths:2007:ILTP,
  author = {Thomas Raths and Jens Otten and Christoph Kreitz},
  title = {The {ILTP} Problem Library for Intuitionistic Logic},
  journal = {J. Autom. Reasoning},
  year = {2007},
  volume = {38},
  pages = {261--271},
  number = {1-3}
}

@ARTICLE{Sahlin:1992:FT,
  author = {Dan Sahlin and Torkel Franz{\'e}n and Seif Haridi},
  title = {An Intuitionistic Predicate Logic Theorem Prover},
  journal = {Journal of Logic and Computation},
  year = {1992},
  volume = {2},
  pages = {619--656},
  number = {5},
  month = oct
}

@misc{Plo00,
   author={K. Plofker},
   note={private communication},
    year={January 2000},
}

@book{Shi83,
   author = {W. Shirley},
   title = {Thomas Harriot: a biography},
   publisher={Oxford},
   year={1983},
}

@book{BeS08,
  title={Thomas Harriot's Doctrine of Triangular Numbers: 
  the `Magisteria Magna'},
  editor={J. Beery and J. Stedall},
  publisher={European Math. Soc.},
  year={2008},
}

@book{Kar66,
   author={R. Kargon},
   title={Atomism in England from Hariot to Newton},
   publisher={Clarendon Press},
  address={Oxford},
   year={1966},
}

@ARTICLE{vanderWaerden:1951,
  author = {K. Sch{\"u}tte and B. L. van der Waerden},
  title = {Auf welcher {K}ugel haben 5, 6, 7, oder 9 {P}unkte mit
   {M}indestabstand {E}ins {P}latz},
  journal = {Math. Annalen},
  year = {1951},
  volume = {123},
  pages = {96--124}
}

@article{Sch53,
   author = {K. Sch{\"u}tte and B. L. van der Waerden},
  title = {Das {P}roblem der dreizehn {K}ugeln},
  journal = {Math. Annalen},
  year = {1953},
  volume = {125},
  pages = {325--334}
}

@article{Sier33,
   author={W. Sierpi\'nski},
    title={Sur une certaine suite infinie de fonctions d'une variable
         r\'eelle},
   journal={Fund. Math.},
   volume={20},
   year={1933},
   pages={163--165},
}



@MISC{website:MLton,
  author = {Steven Weekes},
  title = {{ML}ton},
  note = {\url{http://mlton.org}}
}

@MISC{website:GLPK,
  title = {{GLPK (GNU Linear Programming Kit)}}, 
  note = {\url{http://www.gnu.org/software/glpk/}}
}


                  
@PhdThesis{Obua:2008:Thesis,
  title =	"Flyspeck {II}: The Basic Linear Programs",
  author =	"Stephen Obua",
  school =	"{Technische Universit\"at M\"unchen}",
  year = 	2008,
}

@PhdThesis{Zumkeller:2008:Thesis,
  title =	"Rigorous Global Optimization",
  author =	"Roland Zumkeller",
  school =	"\`Ecole Polytechnique",
  year = 	"2008",
}



@article{Rogers:1958:Packing,
  author =       {C. A. Rogers},
  title =        {The packing of equal spheres},
  journal = {Journal of the London Mathematical Society},
  pages =     {609--620},
  year =      1958,
  volume =    "3/8"
}



@Book{Press:1992:NumericalRecipes,
  author =    {William H. Press and others},
  title =        {Numerical Recipes in C},
  publisher =    {Cambridge University Press},
  year =         1992,
  volume =    {Chapter 20. Less-Numerical Algorithms},
  edition =   {Second}}

@Book{CollinsSussman:2005:Subversion,
  author =	"Ben Collins-Sussman and Brian W. Fitzpatrick and C.
		 Michael Pilato",
  title =	"Version Control with Subversion",
  publisher =	"O'Reilly \& Associates, Inc.",
  year = 	"2004",
}

@MISC{website:GoogleCode,
  key = "Google Project Hosting",                   
  title = {{Google Project Hosting}},
  howpublished = {\url{http://code.google.com/hosting}}
}

@MISC{website:ILTP,
  title = {{The ILTP Library}},
  author = {Thomas Raths and Jens Otten},
  howpublished = {\url{http://www.iltp.de}}
}
                  
@MISC{website:Imogen,
  title = {{Imogen}},
  author = {S. McLaughlin and Frank Pfenning},
  howpublished = {\url{http://www.cs.cmu.edu/~seanmcl/research/imogen/}}
}
                  
@TechReport{Sutcliffe:1997:TPTP,
  author =	"Christian Suttner and Geoff Sutcliffe",
  institution =  "Institut f{\"u}r {I}nformatik, {TU} {M}{\"u}nchen",
  number =	"AR-97-01",
  title =	"The {TPTP} Problem library: {TPTP} v2.0.0",
  year = 	"1997",
}

@TechReport{McCune:1994:Otter,
  author =	"William W.~McCune",
  institution = "Argonne National Laboratory/IL, USA",
  title =	"{OTTER} 3.0 Reference Manual and Guide",
  year = 	"1994",
  number =	"ANL-94/6",
}

@Article{Zeilberger:2008:Unity,
  author =	"Noam Zeilberger",
  title =	"On the unity of duality",
  journal =	"Ann. of Pure and Applied Logic",
  note = 	"To appear",
  year = 	"2008",
}

@Article{Appel:1986:FourColor,
  author =	"K. Appel and W. Haken",
  title =	"The Four Color Proof Suffices",
  journal =	"The Mathematical Intellegencer",
  year = 	"1986",
  volume =	"8",
  number =	"1",
  pages =	"10--20 \& 58",
}


@InProceedings{Miller:2007:Focusing,
  title =	"Focusing and Polarization in Intuitionistic Logic",
  author =	"Chuck Liang and Dale Miller",
  booktitle =	csl,
  publisher =	"Springer",
  year = 	"2007",
  editor =	"Jacques Duparc and Thomas A. Henzinger",
  pages =	"451--465",
}

@Article{Andreoli:1992:Focusing,
  author =	"Jean-Marc Andreoli",
  title =	"Logic Programming with Focusing Proofs in Linear
		 Logic",
  journal =	"Journal of Logic and Computation",
  volume =	"2",
  number =	"3",
  pages =	"297--347",
  year = 	"1992",
}

@InProceedings{Tammet:1996:Resolution,
  author =	"Tanel Tammet",
  title =	"A resolution theorem prover for intuitionistic logic",
  pages =	"2--16",
  editor =	"M. A. McRobbie and J. K. Slaney",
  booktitle =	cade,
  series =	"LNAI",
  volume =	"1104",
  publisher =	"Springer",
  address =	"Berlin",
  year = 	"1996",
}

@InCollection{Voronkov:2001:Inverse,
  title =	"The Inverse Method",
  author =	"A. Degtyarev and A. Voronkov",
  chapter =	"4",
  booktitle =	"Handbook of Automated Reasoning",
  publisher =	"Elsevier Science",
  editor =	"A. Robinson and A. Voronkov",
  year = 	"2001",
  volume =	"I",
  pages =	"179--272",
}

@PhdThesis{Chaudhuri:2006:Thesis,
  author =	"Kaustuv Chaudhuri",
  title =	"The Focused Inverse Method for Linear Logic",
  school =	"Carnegie Mellon University",
  month =	dec,
  year = 	"2006",
  note = 	"Technical report CMU-CS-06-162",
}

@PhdThesis{Howe:1998:Thesis,
  author = 	 "Jacob M. Howe",
  title = 	 "Proof Search Issues in Some Non-Classical Logics",
  school = 	 "University of St. Andrews",
  year = 	 1998,
  address =	 "Scotland",
  notes =        "Available as Research Report CS/99/1",
  keywords =     "logic"
}

@InProceedings{Chaudhuri:2006:IJCAR,
  author =	"Kaustuv Chaudhuri and Frank Pfenning and Greg Price",
  title =	"A Logical Characterization of Forward and Backward
		 Chaining in the Inverse Method",
  booktitle =	ijcar,
  pages =	"97--111",
  year = 	"2006",
  editor =	"U. Furbach and N. Shankar",
  publisher =	"Springer",
}

@InProceedings{Chaudhuri:2005:CSL,
  author =	"Kaustuv Chaudhuri and Frank Pfenning",
  title =	"Focusing the Inverse Method for Linear Logic",
  booktitle =	csl,
  pages =	"200--215",
  year = 	"2005",
  editor =	"Luke Ong",
  publisher =	"Springer",
}

@InProceedings{Chaudhuri:2005:Focusing,
  title =	"Focusing the Inverse Method for Linear Logic",
  author =	"Kaustuv Chaudhuri and Frank Pfenning",
  year = 	"2005",
  editor =	"C.-H. Luke Ong",
  booktitle =	csl,
  publisher =	"Springer",
  pages =	"200--215",
}

@InProceedings{Otten:1995:Connections,
  author =	"Jens Otten and Christoph Kreitz",
  title =	"A Connection Based Proof Method for Intuitionistic
		 Logic",
  pages =	"122--137",
  editor =	"Peter Baumgartner and Reiner H{\"a}hnle and Joachim
		 Posegga",
  booktitle =	tableaux,
  month =	may,
  series =	"LNAI",
  volume =	"918",
  publisher =	"Springer",
  address =	"Berlin",
  year = 	"1995",
}

@InCollection{Hahnle:2001:Tableaux,
  title =	"Tableaux and Related Methods",
  author =	"R. H{\"a}hnle",
  chapter =	"3",
  booktitle =	"Handbook of Automated Reasoning",
  publisher =	"Elsevier Science",
  editor =	"A. Robinson and A. Voronkov",
  year = 	"2001",
  volume =	"I",
  pages =	"100--178",
}                  

@InProceedings{Avellone:2004:PITP,
  author =      {Alessandro Avellone and Guido Fiorino and Ugo Moscato},
  title =       {A new {O}(n log n)-space decision procedure for propositional intuitionistic logic},
  booktitle =   {Kurt Goedel Society Collegium Logicum},
  pages =       {17-33},
  year =        2004,
  volume =      {VIII}}

@TechReport{Avellone:2003:IPTP,
  author =       {Alessandro Avellone and Guido Fiorino and Ugo Moscato},
  title =        {A Parallel Implementation of a Decision Procedure for Propositional Intuitionistic Logic},
  institution =  {Dipartimento di Informatica e Automazione, Università degli Studi di Roma 3},
  year =         2003,
  key =       {RT-DIA-80-2003},
  note =      {pages 14-22}}

@Article{Harper:1993:LF,
  author =	"Robert Harper and Furio Honsell and Gordon Plotkin",
  title =	"A Framework for Defining Logics",
  year = 	"1993",
  journal =	jacm,
  volume =	"40",
  number =	"1",
  pages =	"143--184",
}
                  
@Book{Milner:1990:SML,
  author =	"R. Milner and M. Tofte and R. Harper",
  title =	"The Definition of Standard {ML}",
  publisher =	"MIT Press",
  year = 	"1990",
}                  
                  
@Article{Robertson:1997:JCTB,
  author =	"Neil Robertson and Daniel Sanders and Paul Seymour and Robin Thomas",
  title =	"The Four-Colour Theorem",
  journal =	"Journal of Combinatorial Theory, Series B",
  volume =	"70",
  year = 	"1997",
  pages = "2-44",
}

@UNPUBLISHED{Harper:2006:Mechanizing,
  author = {Robert Harper and Daniel Licata},
  title = {Mechanizing Language Definitions},
  note = {Submitted to the Journal of Functional Programming},
  year = {2006},
  journal = {Journal of Functional Programming},
  owner = {seanmcl},
  timestamp = {2008.01.22}
}

@MANUAL{Harrison:2000:HOL-Light,
  title = {{The {HOL Light} manual}},
  author = {John Harrison},
  year = 2000,
  note = {\url{http://www.cl.cam.ac.uk/users/jrh/hol-light/} (Version 1.1)},
}

@INPROCEEDINGS{LarcheyWendling:2001:STRIP,
  author = {Dominique Larchey-Wendling and Dominique M{\'e}ry and Didier Galmiche},
  title = {{STRIP}: Structural Sharing for Efficient Proof-Search},
  booktitle = ijcar,
  year = {2001},
  editor = {Rajeev Gor{\'e} and Alexander Leitsch and Tobias Nipkow},
  volume = {2083},
  series = {Lecture Notes in Computer Science},
  pages = {696--700},
  publisher = {Springer}
}
                  
% corrected from 1963.
@Book{Moore:1966:IntervalAnalysis,
  author =	"R.~E. Moore",
  title =	"Interval Analysis",
  publisher =	"Prentice-Hall, Englewood Cliffs, NJ",
  year = 	"1966",
  address =	"New York",
}

@book{Moore:2009:IntroIntAnalysis,
  author={R. E. Moore and R. B. Kearfott and M. J. Cloud},
  title={Introduction to Interval Analysis},
  year={2009},
  publisher={SIAM},
}

@InProceedings{Lamarche:1995:LICS,
  author = 	 {Fran{\c}ois Lamarche},
  title = 	 {Games Semantics for Full Propositional Linear Logic},
  booktitle =    lics,
  pages = 	 {464--473},
  year = 	 1995,
  address = 	 {San Diego, California},
  month = 	 jun,
  organization = {IEEE Computer Society}}
             
@article{Tod02,
     author = {M. J. Todd},
     title = {The many facets of linear programming},
     journal = {Math. Program},
     volume = {91},
     number = {Ser. B},
     year = {2002},
     pages = {417--436},
}

@article{Wri05,
     author = {M. H. Wright},
     title = {The interior-point revolution in optimization: History, recent developments, and lasting consequences},
     journal = {Bull. AMS},
     volume = {42},
     year = {2005},
     pages = {39--56},
}

@article{Kar84,
     author = {N. Karmarkar},
     title = {A New Polynomial Time Algorithm for Linear Programming},
     journal = {Combinatorica 4},
     volume = {4},
     year = {1984},
     pages = {373--395},
}


@article{Kha79,
     author = {L. G. Khachiyan},
     title = {A polynomial algorithm in linear programming},
     journal = {Doklady Akademii Nauk SSSR},
     volume = {20},
     number = {1},
     pages = {1093--1096},
     note = {English translation in Soviet Mathematics Doklady, 20(1):191-194, 1979.},
}
     
     
@article{Cip00,
     author = {B. Cipra},
     title = {The Best of the 20th Century: Editors Name Top 10 Algorithms},
     journal = {SIAM News},
     volume = {33},
     number = {4},
     month = {May},
     year = {2000},
}

@article{Mark07,
    author = {M. Cs. Mark\'ot},
    title = {Interval Methods for Verifying Structural Optimality of Circle Packing Configurations in the Unit Square},
    journal = {J. Comp. and Appl. Math.},
    volume = {199},
    year = {2007},
    pages = {353--357},
}

@book{Szpiro,
  title={Kepler's Conjecture: How Some of the Greatest Minds in History Helped to Solve one of the Oldest Math Problems in the Worlds},
  author={G. G. Szpiro},
  year={2003},
  address={New York NY},
  publisher={John Wiley and Sons},
}


@article{Sza07,
    author = {P. G. Szab\'o and M. D. Mark\'ot and T. Csendes and E. Specht and L. G. Casado},
    title = {New Approaches to Circle Packing in a Square},
    journal = {Spring Optimization and Its Applications},
    volume = {6},
    year = {2007},
    note = {other refs at http://www.sztaki.hu/~markot/publ.pdf},
}


@article{Sma98,
    author = {S. Smale},
    title = {Mathematical Problems for the Next Century},
    journal = {Math. Intelligencer},
    volume = {20}, 
    number = {2},
    pages = {7--15},
    year = {1998},
}

@unpublished{WT,
author={W. Tucker},
title={The Lorenz Attractor Exists - An Auto-Validated Proof},
year={2002},
note={\url{http://www.cs.utep.edu/interval-comp/interval.02/tuck.pdf}},
}

@article{Tuc02,
    author = {W. Tucker},
    title = {A Rigorous {ODE} Solver and {S}male's 14th Problem}, 
    journal = {Found. Comput. Math.}, 
    volume = {2},
    pages = {53--117}, 
    year = {2002},
}

@inbook{Tutte:1973,
  author={William T. Tutte},
  title={What is a Map?},
  booktitle={New Directions in the Theory of Graphs},
  note={edited by Frank Harary},
   publisher={Academic Press},
  year={1973}
}

@book{Tutte:1984,
  author={W. T. Tutte},
  title =  {Graph Theory},
  series={Encyclopedia of Mathematics and Its Applications},
  year={1984},
  publisher={Addison-Wesley Publishing},
}



@article{Zu06,
    author = {R. Zumkeller},
    title = {Formal Global Optimisation with Taylor Models},
    editor = {U. Furbach and N. Shankar},
    journal = {LNCS},
    pages = {408--422}, 
    year = {2006},
}



%I'm not sure if I'm allowed to include series, publisher, and address in an article entry%

@article{Gol,
    author = {D. Goldberg},
    title = {What Every Computer Scientist Should Know About Floating-Point Arithmetic},
    series = {Computing Surveys},
    journal = {ACM},
    year = {1991},
    note = {http://docs.sun.com/source/806-3568/ncg\_goldberg.html},
}

%series included%

@book{How81,
    author = {D. Howarth},
    title = {1066: The Year of the Conquest},
    publisher = {Penguin},
    year = {1981},
}

@book{COQ,
    author = {Y. Bertot and P. Cast\'eran},
    title = {Interactive Theorem Proving and Program Development {Coq'Art}: The Calculus of Inductive Constructions},
    journal = {Texts in Theoretical Compuer Science}, 
    publisher = {Springer},
    year = {2004},
}

%publisher included%

@book{Ha09,
    author = {John Harrison},
    title = {Handbook of Practical Logic and Automated Reasoning},
    publisher = {Cambridge University Press},
    year = {2009},
}

%book entry requires publisher info, but none was given%

@article{Mu,
    author = {R. Murawski},
    title = {The Present State of Mechanized Deduction, and the Present Knowledge of Limitations, Studies in Logic},
    journal = {Grammar and Rhetoric},
    year = {2006},
    volume = {9},
    number = {22},
    pages = {31--60},
}


@article{Bled,
    author = {W. W. Bledsoe and D. W. Loveland (eds.)},
    title = {Automated Theorem Proving: After 25 Years},
    journal = {Contemporary Mathematics},
    volume = {29},
    publisher = {AMS},
    address = {Providence, RI},
    year = {1984},
}

%publisher and address included in article entry%

@article{QED,
    title = {The {QED} Manifesto, ``Automated Deduction - CADE 12''},
    author={anonymous},
    publisher = {Springer - Verlag},
    journal = {Lecture Notes in Artificial Intelligence},
    volume = {814},
    pages = {238--251},
    year = {1994},
    note = {\url{http://www.cs.ru.nl/\~~freek/qed/qed.html}},
}

%publisher included%

@article{dB91,
    author = {N.G. de Bruijn},
    title = {Checking Mathematics with Computer Assistance},
    journal = {Notices of the AMS},
    volume = {38}, 
    number = {1},
    month = {January},
    year = {1991},
}

@article{DLPWW,
    author = {E. DeLaVina and Q. Liu and R. Pepper and B. Waller and D. B. West},
    title = {On some conjectures of Graffiti.pc on total domination},
    journal = {Congressus Numerantium},
    year = {2007},
    volume = {185},
    pages = {81--95},
}

@article{andrews1981theorem,
  title={Theorem proving via general matings},
  author={Andrews, Peter B},
  journal={Journal of the ACM (JACM)},
  volume={28},
  number={2},
  pages={193--214},
  year={1981},
  publisher={ACM}
}

@article{TPS,
    author = {P. B. Andrews and C. Brown},
    title = {Proving theorems and teaching logic with TPS and ETPS},
    journal = {The Bulletin of Symbolic Logic},
    volume = {11},
    number = {1},
    month = {March},
    year = {2005},
    note = {http://www.math.ucla.edu/~asl/bsl/1101/1101-005.ps},
}

@article{fit,
    author = {B. Fitelson},
    title = {Using Mathematica to Understand the Computer Proof of the Robbins Conjecture},
    journal = {Mathematica in Education and Research},
    year = {1998}, 
    volume = {7},
    number = {1},
}

@article{Mc2,
    author = {W. McCune},
    title = {Solution of the Robbins Problem},
    journal = {JAR},
    volume = {19},
    number = {3},
    pages = {263--276},
    year = {1997},
}


@article{CC,
    author = {Xavier Leroy},
    title = {Formal certification of a compiler back-end, or: programming a compiler with a proof assistant},
    journal = {33rd ACM symposium on Principles of Programming Languages},
    pages = {42--54},
    publisher = {ACM Press},
    year = {2006},
    note = {http://compcert.inria.fr/},
}

@misc{CC-Web,
    key={CompC},
    title = {COMPCERT -- Compilers you can formally trust},
    note = {\url{http://compcert.inria.fr/}},
    year={2013},
}




%publisher included%

@article{BHMY,
    author = {W. R. Bevier and W. A. Hunt Jr. and J Strother Moore and W. D. Young},
    title = {An approach to Systems Verification},
    journal = {Journal of Automated Reasoning},
    volume = {5},
    year = {1989},
    pages = {411--428 and 422--423},
}

@article{NSS,
    author = {A. Newell and J. C. Shaw and H. A. Simon},
    title = {Empirical Explorations of the Logic Theory Machine: A Case Study in Heuristics},
    journal = {Proc. Western Joint Computer Conf.},
    pages = {218--239},
    year = {1956},
}

@book{Kep66,
   author={J. Kepler},
   title={The Six-cornered snowflake},
   publisher={Oxford Clarendon Press},
   year={1966},
   note={forward by L. L. Whyte},
}

@inbook{Dan91,
    author = {G. Dantzig},
    title = {Linear Programming},
   booktitle= { History of Mathematical Programming:A Collection of Personal Reminiscences},
   publisher={North Holland},
    note = {\url{http://www2.informs.org/History/dantzig/LinearProgramming_article.pdf}},
    year = {1991},
}
   % editor = {J.K. Lenstra et al},


@article{Ann06,
    author = {},
    title = {Statement by the Editors on Computer-Assisted Proofs},
    journal = {Annals of Mathematics},
    year = {2006},
    note = {http://annals.princeton.edu/EditorsStatement.html},
}

%For all of the rest listed below, I categorized them as best I could.  Please look over them.  %

@unpublished{flydis,
    title = {Flyspeck discussion group},
    note = {http://groups.google.com/group/flyspeck},
}



@misc{McL08,
    author = {S. McLaughlin},
    title = {Standard {ML} port of the code verifying the proof of the {Kepler} Conjecture},
    note = {http://code.google.com/p/kepler-code/},
}


@article{Kea96,
    author = {R. B. Kearfott},
    title = {Rigorous Global Search: Continuous Problems},
    journal = {Kluwer},
    year = {1996},
}


@misc{PW,
    key={PrW},
    title = {ProofWeb},
    note = {http://prover.cs.ru.nl/login.php},
    year={0000},
}

@misc{Mizar,
    key={Miz},
    title = {Mizar Home Page},
    note = {http://mizar.org/},
    year={2013},
}

@misc{Isa,
    key={Isa},
    title = {Isabelle},
    note = {http://isabelle.in.tum.de/},
    year={0000},
}

@misc{HOLL,
    author = {John Harrison},
    title = {The {HOL} {L}ight theorem prover},
    note = {\url{http://www.cl.cam.ac.uk/~jrh13/hol-light/index.html}},
    year={2010},
}

@article{Gor,
    author = {Mike Gordon},
    title = {From {LCF} to {HOL}: a short history},
    journal = {Proof, language, and interaction: essays in honour of Robin Milner},
    pages = {169--185},
    publisher = {MIT},
    year = {2000},
}

@inproceedings{Ha07,
    author = {J. Harrison},
    title = {A short survey of automated reasoning},
    booktitle = {The second international conference on Algebraic Biology},
    journal = {Springer LNCS},
    volume = {4545},
    year = {2007},
}
    
@misc{Mc1,
    author = {W. McCune},
    title = {Robbins Algebras are Boolean},
    note = {http://www.cs.unm.edu/\~~mccune/papers/robbins/},
    year={1996},
}

@book{Logicomix,
   author={A. Doxiadis and C. H. Papadimitriou},
   title={Logicomix  An Epic Search for Truth},
   year={2009},
   publisher={Worzalla Publishing},
}

@book{Richmond,
  author={M. Richmond},
  title={No One You Know},
  year={2008},
  address={New York NY},
  publisher={Bantam Books},
}

@book{Spolsky,
  author={J. Spolsky},
  title={Joel on Software},
  year={2004},
  publisher={Apress},
}

@book{Gracian,
  author={B. Graci\'an},
  title={The art of worldly wisdom},
  year={1967},
   address={New York NY},
  publisher={Frederick Ungar Publishing},
}

@article{Harper,
    author = {R. Milner and M. Tofte and R. Harper},
    title = {The Definition of Standard {ML}},
    journal = {MIT Press},
    year = {1990},
}

@inproceedings{HaSelf,
    author = {John Harrison},
    title = {Towards self-verification of {HOL} {Light}},
    booktitle={proceedings of IJCAR 2006},
    publisher={springer},
    series=lncs,
    volume=4130,
    pages={177--191},
    year={2006},
}

@unpublished{dbXY,
    author = {N. G. de Bruijn},
    title = {On the Role of Types in Mathematics},
    note = {http://www.win.tue.nl/~wsdwnb},
    year = {1995},
}

@unpublished{Adams,
    author={M. Adams},
    title={Importing proofs into {HOL} {Z}ero},
    year={2009},
    note={private communication},
}

@misc{WikiPIP,
key={Wiki11},
title={List of published incomplete proofs},
year={accessed 9/2011},
note={\url{http://en.wikipedia.org/wiki/List_of_published_incomplete_proofs}},
}

@misc{WikiLong,
key={Wiki13},
title={Wikipedia List of longest proofs},
year={accessed 11/2013},
note={\url{http://en.wikipedia.org/wiki/Longest_proof}},
}

@misc{Over1,
key={Over1},
title={Widely accepted mathematical results that were later shown wrong?},
year={2010},
note={\url{http://mathoverflow.net/questions/35468}},
}

@misc{Over2,
key={Over2},
title={Most interesting mathematics mistake?},
year={2009},
note={\url{http://mathoverflow.net/questions/879}},
}

@misc{NYT,
    key={NYT07},
    title = {Adding Math to List of Security Threats},
    month = {November 17},
    year = {2007},
    note = {New York Times}
}

@misc{NYT-backdoor,
key={NYT-backdoor},
title={{N.S.A.} Able to foil Basic safeguards of privacy on Web},
author={N. Perloth and J. Larson and S. Shane},
note={New York Times, \url{http://www.nytimes.com/2013/09/06/us/nsa-foils-much-internet-encryption.html}},
month={September 5},
year={2013},
}

@misc{CC11,
 key={CC11},
 title={$10$ best jobs $2011$},
 year={2011},
 note={\url{http://www.careercast.com/jobs-rated/10-best-jobs-2011}},
}

@misc{ST2,
key={ST2},
author={M. Sato and K. Namba},
date={April 3, 1963},
note={unpublished data},
}

@misc{tetrahedra,
author={J. Doye},
note={\url{http://physchem.ox.ac.uk/~doye/jon/structures/Morse/paper/node3.html}},
year={accessed 2011},
}

@misc{rhombic,
key={RhD11},
note={\url{http://upload.wikimedia.org/wikipedia/commons/8/86/Rhombic_dodecahedra.jpg}},
year={accessed 2011},
}

@misc{fano,
key={Fa11},
note={\url{http://en.wikipedia.org/wiki/File:Fano_plane.svg}},
year={accessed 2011},
}

@misc{Lor11,
key={Lor11},
author={Agarzago},
year={accessed 2013},
note={\url{http://en.wikipedia.org/wiki/Lorenz_attractor}},
}

@misc{opti,
key={Op11},
year={accessed 2011},
note={\url{http://new.math.uiuc.edu/optiverse/images.html}},
}

@misc{costa,
key={Co11},
year={accessed 2012},
author={Anders Sandberg},
note={\url{http://www.flickr.com/photos/arenamontanus/8059864268/}},
}

@misc{htt,
  key={HTT11},
  title={Homotopy Type Theory},
  year={2011},
  note={\url{http://homotopytypetheory.org/}},
}

@misc{double,
key={Db11},
author={Michael Tsirelson},
year={accessed 2013},
note={\url{http://en.wikipedia.org/wiki/File:Double_bubble.png}},
}

@misc{phelan-graphic,
key={PW11},
year={accessed 2011},
note={\url{http://it.wikipedia.org/wiki/File:Foam_-_Weaire-Phelan_structure.png}},
}

@misc{SIAG,
key={SIAG11},
year={2011},
note={\url{http://www.cwi.nl/news/2011/siagoptimization-prize-kissing-number-research}},
}

@misc{e8-graphic,
key={E8},
year={accessed 2011},
note={\url{http://en.wikipedia.org/wiki/File:Dynkin_diagram_E8.svg}},
}

@misc{WP,
 key={Tez04},
 note={Tezzaron Semiconductor, \url{http://www.tezzaron.com/about/papers/soft_errors_1_1_secure.pdf}}, 
 title={Soft Errors in Electronic Memory -- A White Paper},
 year={2004},
}

@misc{pseudo,
 key={PS11},
year={accessed 2011},
 note={http://www.numericana.com/answer/polyhedra.htm},
}


@misc{Atlas,
key={Atl},
title={Atlas of {L}ie Groups and Representations},
note={\url{http://www.liegroups.org/}}
}

@article{Sci11,
 key={Sci11},
 title={The \$23 million textbook},
 journal={Science},
 volume={332},
  issue={6 May},
  year={2011},
  pages={647--648},
}

@misc{Metis,
key={Met},
title={Metis},
note={\url{http://www.gilith.com/software/metis/index.html}},
}

@misc{NYT2010,
key={NYT10},
title={Lone \$4.1 Billion Sale Led to `Flash Crash' in {M}ay},
month={October 10},
year={2010},
note={New York Times \url{http://www.nytimes.com/2010/10/02/business/02flash.html}}
}

@misc{SEC2010,
key={SEC10},
title={Findings Regarding the Market Events of {M}ay 6, 2010},
month={September 10,},
year={2010},
note={\url{http://sec.gov/news/studies/2010/marketevents-report.pdf}, Report of the Staffs of the Cftc and Sec to the Joint Advisory Committee on Emerging Regulatory Issues},
}

@book{Mac,
    author = {D. MacKenzie},
    title = {Mechanizing Proof},
    publisher = {MIT Press},
    address = {Cambridge, MA},
    year = {2001},
}

@article{Asch,
  author= {Michael Aschbacher},
  title={The Status of the Classification of the Finite Simple Groups},
  year ={2004},
  journal={Notices of the AMS},
  volume = {51},
  number = {7},
  page={736--740},
  }

@article{Bethuel,
  author={Fabrice Bethuel},
  title={The approximation problem for {S}obolev maps between two manifolds},
  year={1991},
  volume={167},
  number={3-4},
  pages={153--206},
  journal={Acta Math.},
}

@book{Knuth-Writing,
  author={Donald E. Knuth and Tracy Larrabee and Paul M. Roberts},
  title={Mathematical Writing},
  publisher={MAA},
  series={MAA Notes},
  number={14},
  year={1989},
}

@article{Hang,
  author={Fengbo Hang and Fangua Lin},
  title={Topology of {S}obolev mappings. {II}},
  year={2003},
  volume={191},
  number={1},
  pages={55-107},
  journal={Acta Math.},
}

@book{Gillman,
  author={Leonard Gillman},
  title={Writing Mathematics Well},
  publisher={MAA},
  year={1987},
}

@incollection{Aus,
  author={Joseph Auslander},
  booktitle={Proof and other dilemmas},
  editor={Bonnie Gold and Roger A. Simons},
  title={On the Roles of Proof in Mathematics},
  publisher={MAA},
  year={2008},
}

@misc{Inv-subpace,
   key={Inv2010},
   title={Invariant subspace problem, 
   Academic dictionaries and encyclopedias},
   year={2010}, 
   note={retrieval date, \url{http://en.academic.ru/dic.nsf/enwiki/364346}},
}

@book{KBP,
    author = {Cem Kaner and James Bach and Pettichord},
    title = {Lessons Learned in Software Testing},
    year = {2001},
    publisher={John Wiley and Sons},
}

@book{KFN,
    author = {C. Kaner and J. Falk and H. Nguyen},
    title = {Testing Computer Software},
    publisher = {Wiley},
    year = {1999},
}

@book{Ary,
   author = {K. S. Shukla},
   title = {The \=Aryabha\d t\={\i}ya of
 \=Aryabha\d ta with the Commentary of Bh\=askara I and Some\'svara},
 year={1976},
   publisher={New Delhi: Indian National Science Academy},
}

@book{Fulton,
    author={W. Fulton},
   title={Introduction to Toric Varieties},
   publisher={Princeton University Press},
   address={Princeton NJ},
   year={1993},
}

%These below were two that I didn't know how to format%


@misc{Berg,
  author={J. Bergstra},
  year={2005},
  title={Nationale Onderzoeksagenda Informatie en Communicatietechnologie (NOAG-ict) 2005--2010},
  publisher={ Albani drukkers},
  address={Den Haag},
}

@inbook{Wang,
  author={H. Wang},
  title={Computer Theorem Proving and Artificial Intelligence},
  booktitle={Automated Theorem Proving: After 25 Years},
  series={Contemporary Mathematics},
  volume={29},
  publisher={AMS},
  address={Providence, RI},
  year={1984},
  pages={49--70},
}
  %\bibitem{Bled} W. W. Bledsoe and D. W. Loveland (eds.), , , Vol. 29,


% Fundamental Lemma stuff.







@article{Hitchin:87,
  author={N. Hitchin},
  title={Stable bundles and integrable connections},
  journal={Duke Math. J.},
  volume={54},
  year={1987},
  pages={91--114},
}

@article{LN:08,
   author={G. Laumon and B. C. Ng\^o},
   title={Le lemme fondamental pour les groupes unitaires},
   journal={Ann. Math},
   volume={168},
   year={2008},
   pages={477--573},
}

@article{GKM:2004,
   author={M. Goresky and R. Kottwitz and R. MacPherson},
   title={Homology of affine {S}pringer fiber in the unramified case},
   journal={Duke Math. J.},
   year={2004},
   pages={509--561},
}

@article{GKM:2006,
  author={M. Goresky and R. Kottwitz and R. MacPherson},
   title={Purity of equivalued affine {S}pringer fibers},
   journal={Representation Theory},
   volume={10},
  year={2006},
  pages={130--146},
}

@article{Wald:2008,
   author={J.-L. Waldspurger},
   title={L'endoscopie tordue n'est pas si tordue},
   journal={Mem. AMS},
   volume={194},
   year={2008},
}

@article{Wald:2006,
  author={J.-L. Waldspurger}, 
  title={Endoscopie et changement de caract\'eristique}, 
  journal={Inst. Math. Jussieu},
  volume={5},
  year={2006}, 
  pages={423--525},
}

@article{BBDG:1982,
  author={A. Beilinson and J. Bernstein and P. Deligne},
  title={Faisceaux pervers},
  journal={Ast\'erisque},
  volume={100},
   year={1982},
}

@unpublished{Nadler:2010,
  author={D. Nadler},
  title={The geometric nature of the Fundamental Lemma},
  year={2010},
  note={arXiv:1009.1862},
}  

@article{Wald:1991,
  author={J.-L. Waldspurger}, 
  title={Sur les int\'egrales orbitales tordues pour les groupes lin\'eaires: un lemme fondamental}, 
  journal={Can. J. Math.}, 
  volume={43},
  year={1991}, 
 pages={852--896},
}


@unpublished{BS:2010,
  author={M. Bhargava and A. Shankar},
  title={Ternary cubic forms having bounded invariants, and the existence of a positive proportion of elliptic curves having rank $0$},
  note={arXiv:1007.0052v1 [math.NT]},
  year={2010},
}

@unpublished{BGHT:2010,
  author={T. Barnet-Lamb and D. Geraghty and M. Harris and R. Taylor},
  title={A family of {C}alabi-{Y}au varieties and potential automorphy {II}},
  year={2010},
  note={preprint},
}

@inproceedings{Morel:2010,
  author={S. Morel},
  title={The intersection complex as a weight truncation and an application to {S}himura varieties},
  booktitle={Proceedings of the International Congress of Mathematicians},
  place={Hyderabad, India}, 
  year={2010},
}

@inproceedings{Arthur:2010,
  author={J. Arthur},
  title={The Work of {N}g\^o {B}ao {C}h\^au},
  booktitle={Proceedings of the International Congress of Mathematicians},
  place={Hyderabad, India}, 
  year={2010},
}

@book{Arthur:2011,
  author={J. Arthur},
  title={The Endoscopic Classification of Representations: Orthogonal and Symplectic Groups},
  year={in preparation},
  publisher={AMS Colloquium series},
  }

@article{Arthur:2002,
   author={J. Arthur},
   title={A stable trace formula {I}: General expansions},
   journal={Journal of the Inst. Math. Jussieu},
   volume={1},
   year={2002},
   pages={175--277},
}

@article{KL:1988,
  author={D. Kazhdan and G. Lusztig},
  title={Fixed points on affine flag manifolds},
   journal={Isr. J. Math.},
  volume={62},
  year={1988},
  pages={129--168},
}

@unpublished{CL:2009:I,
  author={P.-H. Chaudouard and G. Laumon},
  title={Le lemme fondamental pond\'er\'e {I}: constructions g\'eom\'etriques},
  note={arXiv:0902.2684},
  year={2009},
}

@unpublished{CL:2009:II,
  author={P.-H. Chaudouard and G. Laumon},
  title={Le lemme fondamental pond\'er\'e {II}: \'Enonc\'es cohomologiques},
  note={arXiv:0912.4512},
  year={2010},
}

@unpublished{Skinner:2010,
  author={C. Skinner},
  title={Galois representations associated with Unitary groups over $\ring{Q}$}, 
  note={draft},
  year={2010},
}

@article{Dat:2004,
  author={J.-F. Dat},
  title={Lemme fondamental et endoscopie, une approche g\'eom\'etrique},
  journal={S\'em. Bourbaki},
  year={2004--05},
  volume={940},
}

@article{Car:Bourbaki,
  author={H. Carayol},
  title={La conjecture de {S}ato-{T}ate [d'apr\`es {C}lozel, {H}arris, {S}hepherd-{B}arron, {T}aylor]},
  journal={S\'em. Bourbaki},
  year={2006--07},
  volume={59},
  issue={977},
  pages={345--391},
}




@unpublished{Skinner-Urban:2010,
  author={C. Skinner and E. Urban},
  title={The {I}wasawa Main Conjectures For ${GL}(2)$},
  note={submitted},
  year={2010},
}

@unpublished{Shin:2010,
  author={S. W. Shin},
  title={Galois representations arising from some compact {S}himura 
varieties},
  note={preprint},
  year={2010},
}

@unpublished{CHLaumon:2010,
  author = {P.-H. Chaudouard and M. Harris and G. Laumon},
  title={Report on the fundamental lemma},
  note={preprint},
  year={2010},
}

@unpublished{Cass:2010,
  author={W. Casselman},
  title={Langlands' fundamental lemma for $SL_2$},
  note={preprint},
  year={2010},
}


@inproceedings{DN:2010,
  author={J.-F. Dat and D. T. Ng\^o},
  title={Lemme Fondamental pour les alg\`ebres de {L}ie},
  booktitle={Stabilization of the trace formula, {S}himura varieties,
  and arithmetic applications, I},
  year={2011},
  publisher={International Press},
  note={to appear},
}


