@article{Tod02,
     author = {M. J. Todd},
     title = {The many facets of linear programming},
     journal = {Math. Program},
     volume = {91},
     number = {Ser. B},
     year = {2002},
     pages = {417--436},
}

@article{Wri05,
     author = {M. H. Wright},
     title = {The interior-point revolution in optimization: History, recent developments, and lasting consequences},
     journal = {Bull. AMS},
     volume = {42},
     year = {2005},
     pages = {39--56},
}

@article{Kar84,
     author = {N. Karmarkar},
     title = {A New Polynomial Time Algorithm for Linear Programming},
     journal = {Combinatorica 4},
     volume = {4},
     year = {1984},
     pages = {373--395},
}


@article{Kha79,
     author = {L. G. Khachiyan},
     title = {A polynomial algorithm in linear programming},
     journal = {Doklady Akademii Nauk SSSR},
     volume = {20},
     number = {1},
     pages = {1093--1096},
     note = {English translation in Soviet Mathematics Doklady, 20(1):191-194, 1979.},
}
     
     
@article{Cip00,
     author = {B. Cipra},
     title = {The Best of the 20th Century: Editors Name Top 10 Algorithms},
     journal = {SIAM News},
     volume = {33},
     number = {4},
     month = {May},
     year = {2000},
}

@article{Mark07,
    author = {M. Cs. Mark\'ot},
    title = {Interval Methods for Verifying Structural Optimality of Circle Packing Configurations in the Unit Square},
    journal = {J. Comp. and Appl. Math.},
    volume = {199},
    year = {2007},
    pages = {353--357},
}

@article{Sza07,
    author = {P. G. Szab\'o and M. D. Mark\'ot and T. Csendes and E. Specht and L. G. Casado},
    title = {New Approaches to Circle Packing in a Square},
    journal = {Spring Optimization and Its Applications},
    volume = {6},
    year = {2007},
    note = {other refs at http://www.sztaki.hu/~markot/publ.pdf},
}

@article{HHS95,
    author = {J. Hass and M. Hutchings and R. Schlafly},
    title = {The double bubble conjecture},
    journal = {Elect. Res. Ann.  AMS}, 
    volume = {1},
    number = {3},
    year = {1995},
}

@article{Sma98,
    author = {S. Smale},
    title = {Mathematical Problems for the Next Century},
    journal = {Math. Intelligencer},
    volume = {20}, 
    number = {2},
    pages = {7--15},
    year = {1998},
}

@article{Tuc02,
    author = {W. Tucker},
    title = {A Rigorous ODE Solver and Smale's 14th Problem}, 
    journal = {Found. Comput. Math.}, 
    volume = {2},
    pages = {53--117}, 
    year = {2002},
}

@article{Zu06,
    author = {R. Zumkeller},
    title = {Formal Global Optimisation with Taylor Models},
    editor = {U. Furbach and N. Shankar},
    journal = {LNCS},
    pages = {408--422}, 
    year = {2006},
}

@article{DCG, 
    author = {Thomas C. Hales},
    title = {A Proof of the Kepler Conjecture (unabridged version)},
    journal = {Discrete and Computational Geometry},
    volume = {35},
    number = {1}, 
    year = {2006},
}

@article{part1,
    author = {Thomas C. Hales}, 
    title = {Sphere Packings I},
    journal = {Discrete and Computational Geometry},
    volume = {17}, 
    year = {1997},
    pages = {1--51},
}

@article{algorithm,
    author = {Thomas C. Hales},
    title = {Some algorithms arising in the proof of the Kepler Conjecture},
    journal = {Discrete and computational geometry},
    pages = {489--507},
    series = {Algorithms Combin.},
    volume = {25},
    publisher = {Springer},
    address = {Berlin},
    year = {2003},
}

%I'm not sure if I'm allowed to include series, publisher, and address in an article entry%

@article{Gol,
    author = {D. Goldberg},
    title = {What Every Computer Scientist Should Know About Floating-Point Arithmetic},
    series = {Computing Surveys},
    journal = {ACM},
    year = {1991},
    note = {http://docs.sun.com/source/806-3568/ncg\_goldberg.html},
}

%series included%

@book{How81,
    author = {D. Howarth},
    title = {1066: The Year of the Conquest},
    publisher = {Penguin},
    year = {1981},
}

@article{COQ,
    author = {Y. Berto and P. Cast\'eran},
    title = {Interactive Theorem Proving and Program Development Coq'Art: The Calculus of Inductive Constructions},
    journal = {Texts in Theoretical Compuer Science}, 
    publisher = {Springer},
    year = {2004},
}

%publisher included%

@book{Ha09,
    author = {J. Harrison}.
    title = {Handbook of Practical Logic and Automated Reasoning},
    pages = {704},
    publisher = { },
    year = {2009},
}

%book entry requires publisher info, but none was given%

@article{Mu,
    author = {R. Murawski},
    title = {The Present State of Mechanized Deduction, and the Present Knowledge of Limitations, Studies in Logic},
    journal = {Grammar and Rhetoric},
    year = {2006},
    volume = {9},
    number = {22},
    pages = {31--60},
}


@article{Bled,
    author = {W. W. Bledsoe and D. W. Loveland (eds.)},
    title = {Automated Theorem Proving: After 25 Years},
    journal = {Contemporary Mathematics},
    volume = {29},
    publisher = {AMS},
    address = {Providence, RI},
    year = {1984},
}

%publisher and address included in article entry%

@article{QED,
    title = {The QED Manifesto, ``Automated Deduction - CADE 12''},
    publisher = {Springer - Verlag},
    journal = {Lecture Notes in Artificial Intelligence},
    volume = {814},
    pages = {238--251},
    year = {1994},
    note = {http://www.cs.ru.nl/\~~freek/qed/qed.html},
}

%publisher included%

@article{dB91,
    author = {N.G. de Bruijn},
    title = {Checking Mathematics with Computer Assistance},
    journal = {Notices of the AMS},
    volume = {38}, 
    number = {1},
    month = {January},
    year = {1991},
}

@article{DLPWW,
    author = {E. DeLaVina and Q. Liu and R. Pepper and B. Waller and D. B. West},
    title = {On some conjectures of Graffiti.pc on total domination},
    journal = {Congressus Numerantium},
    year = {2007},
    volume = {185},
    pages = {81--95},
}

@article{Bee,
    author = {Michael Beeson},
    title = {Automatic generation of a proof of the irrationality of $e$},
    journal = {Journal of Symbolic Computation},
    volume = {32},
    number = {4},
    pages = {333--349},
    year = {2001},
}

@article{TPS,
    author = {P. B. Andrews and C. Brown},
    title = {Proving theorems and teaching logic with TPS and ETPS},
    journal = {The Bulletin of Symbolic Logic},
    volume = {11},
    number = {1},
    month = {March},
    year = {2005},
    note = {http://www.math.ucla.edu/~asl/bsl/1101/1101-005.ps},
}

@article{fit,
    author = {B. Fitelson},
    title = {Using Mathematica to Understand the Computer Proof of the Robbins Conjecture},
    journal = {Mathematica in Education and Research},
    year = {1998}, 
    volume = {7},
    number = {1},
}

@article{Mc2,
    author = {W. McCune},
    title = {Solution of the Robbins Problem},
    journal = {JAR},
    volume = {19},
    number = {3},
    pages = {263--276},
    year = {1997},
}


@article{CC,
    author = {X. Leroy},
    title = {Formal certification of a compiler back-end, or:programming a compiler with a proof assistant},
    journal = {33rd ACM symposium on Principles of Programming Languages},
    pages = {42--54},
    publisher = {ACM Press},
    year = {2006},
    note = {http://compcert.inria.fr/},
}

%publisher included%

@article{BHMY,
    author = {W. R. Bevier and W. A. Hunt Jr. and J Strother Moore and W. D. Young},
    title = {An approach to Systems Verification},
    journal = {Journal of Automated Reasoning},
    volume = {5},
    year = {1989},
    pages = {411--428 and 422--423},
}

@article{NSS,
    author = {A. Newell and J. C. Shaw and H. A. Simon},
    title = {Empirical Explorations of the Logic Theory Machine: A Case Study in Heuristics},
    journal = {Proc. Western Joint Computer Conf.},
    pages = {218--239},
    year = {1956},
}

@article{Dan91,
    author = {G. Dantzig},
    title = {Linear Programming,History of Mathematical Programming:A Collection of Personal Reminiscences},
    journal = { },
    editor = {J.K. Lenstra et al},
    note = {http://www2.informs.org/History/dantzig/LinearProgramming\_article.pdf},
    year = {1991},
}

%journal not listed, editor included%

@article{Ann06,
    author = { },
    title = {Statement by the Editors on Computer-Assisted Proofs},
    journal = {Annals of Mathematics},
    year = {2006},
    note = {http://annals.princeton.edu/EditorsStatement.html},
}

%For all of the rest listed below, I categorized them as best I could.  Please look over them.  %

@misc{flydis,
    title = {Flyspeck discussion group},
    note = {http://groups.google.com/group/flyspeck}.
}


@unpublished{errata,
    author = {Thomas C. Hales},
    title = {Errata in The Kepler Conjecture},
    note = {http://flyspeck.googlecode.com/svn/trunk/dcg\_errata/dcg\_errata.tex},
    year = {2008},
}

@misc{McL08,
    author = {S. McLaughlin},
    title = {Standard ML port of the code verifying the proof of the Kepler Conjecture},
    note = {http://code.google.com/p/kepler-code/},
}


@article{Kea96,
    author = {R. B. Kearfott},
    title = {Rigorous Global Search: Continuous Problems},
    journal = {Kluwer},
    year = {1996},
}

@misc{web,
    author = {Thomas C. Hales},
    title = {Computer resources for the Kepler conjecture},
    note = {http://www.math.princeton.edu/\~\!annals/KeplerConjecture/ (2005 snapshot).
    http://code.google.com/p/flyspeck/ (regularly maintained)},
}


@misc{PW,
    title = {ProofWeb},
    note = {http://prover.cs.ru.nl/login.php},
}

@misc{Mizar,
    title = {Mizar Home Page},
    note = {http://mizar.org/},
}

@misc{Isa,
    title = {Isabelle},
    note = {http://isabelle.in.tum.de/},
}

@misc{HOLL,
    author = {J. Harrison},
    title = {The HOL Light theorem prover},
    note = {http://www.cl.cam.ac.uk/\~~jrh13/hol-light/index.html},
}

@article{Gor,
    author = {M. Gordon},
    title = {From LCF to HOL: a short history},
    journal = {Proof, language, and interaction: essays in honour of Robin Milner},
    pages = {169--185},
    publisher = {MIT},
    year = {2000},
}

@proceedings{Ha07,
    author = {J. Harrison},
    title = {A short survey of automated reasoning},
    series = {The second international conference on Algebraic Biology},
    journal = {Springer LNCS},
    volume = {4545},
    year = {2007},
}
    
@misc{Mc1,
    author = {W. McCune},
    title = {Robbins Algebras are Boolean},
    note = {http://www.cs.unm.edu/\~~mccune/papers/robbins/},
}

@article{Harper,
    author = {R. Milner and M. Tofte and R. Harper},
    title = {The Definition of Standard ML},
    journal = {MIT Press},
    year = {1990},
}

@misc{HaSelf,
    author = {J. Harrison},
    title = {Towards self-verification of HOL Light},
    note = { },
}

@misc{dbXY,
    author = {N. G. de Bruijn},
    title = {On the Role of Types in Mathematics},
    note = {http://www.win.tue.nl/~wsdwnb},
    year = {1995},
}

@misc{NYT,
    title = {Adding Math to List of Security Threats},
    month = {November 17},
    year = {2007},
    note = {New York Times},
}

@article{Mac,
    author = {D. MacKenzie},
    title = {Mechanizing Proof},
    journal = {MIT Press},
    address = {Cambridge, MA},
    year = {2001},
}

@misc{KBP,
    author = {Kaner and Bach and Pettichord},
    title = {Lessons Learned in Software Testing},
    year = {2001},
    note = { },
}

@book{KFN,
    author = {C. Kaner and J. Falk and H. Nguyen},
    title = {Testing Computer Software},
    publisher = {Wiley},
    year = {1999},
}


%These below were two that I didn't know how to format%

\bibitem{Berg} J. Bergstra, Nationale Onderzoeksagenda Informatie en Communicatietechnologie (NOAG-ict) 2005--2010, Albani drukkers, Den Haag, 2005.

\bibitem{Wang} H. Wang, Computer Theorem Proving and Artificial Intelligence,
 in~\cite{Bled}, 49--70.


