@STRING{annals = {Annals of Mathematics}}
@STRING{cade = {Conference on Automated Deduction}}
@STRING(csl = {Computer Science Logic})
@STRING{dcg = {Discrete and Computational Geometry}}
@STRING{ijcar = {International Joint Conference on Automated Reasoning}}
@STRING{jacm = {Journal of the ACM}}
@STRING{lnai = {Lecture Notes in Artificial Intelligence}}
@STRING{lics = {Logic in Computer Science}}
@STRING{lncs = {Lecture Notes in Computer Science}}
@STRING{springer = {Springer-Verlag}}
@STRING{tableaux = {Automated Reasoning with Analytic Tableaux and Related Methods}}
@STRING{tphols = {Theorem Proving in Higher Order Logics}}
@string{LNCS="Lect.\ Notes in Comp.\ Sci."}
@string{Springer="Springer-Verlag"}
@string{LNCS="Lect.\ Notes in Comp.\ Sci."}
@string{Springer="Springer-Verlag"}


@article{KU14,
  author    = {Cezary Kaliszyk and
               Josef Urban},
  title     = {Learning-Assisted Automated Reasoning with {F}lyspeck},
  journal   = {J. Autom. Reasoning},
  year      = {2014},
  volume    = {53},
  number    = {2},
  pages     = {173--213},
  url       = {http://dx.doi.org/10.1007/s10817-014-9303-3},
  doi       = {10.1007/s10817-014-9303-3},
  timestamp = {Tue, 16 Sep 2014 05:53:21 +0200},
  biburl    = {http://dblp.uni-trier.de/rec/bib/journals/jar/KaliszykU14},
  bibsource = {dblp computer science bibliography, http://dblp.org}
}

@inproceedings{FlyspeckWiki,
  author    = {Carst Tankink and
               Cezary Kaliszyk and
               Josef Urban and
               Herman Geuvers},
  title     = {Formal Mathematics on Display: A Wiki for {Flyspeck}},
  booktitle = {MKM/Calculemus/DML},
  year      = {2013},
  pages     = {152-167},
  ee        = {http://dx.doi.org/10.1007/978-3-642-39320-4_10},
  crossref  = {DBLP:conf/mkm/2013},
  bibsource = {DBLP, http://dblp.uni-trier.de}
}
@proceedings{DBLP:conf/mkm/2013,
  editor    = {Jacques Carette and
               David Aspinall and
               Christoph Lange and
               Petr Sojka and
               Wolfgang Windsteiger},
  title     = {Intelligent Computer Mathematics - MKM, Calculemus, DML,
               and Systems and Projects 2013, Held as Part of CICM 2013,
               Bath, UK, July 8-12, 2013. Proceedings},
  booktitle = {MKM/Calculemus/DML},
  publisher = {Springer},
  series    = {LNCS},
  volume    = {7961},
  year      = {2013},
  isbn      = {978-3-642-39319-8},
  ee        = {http://dx.doi.org/10.1007/978-3-642-39320-4},
  bibsource = {DBLP, http://dblp.uni-trier.de}
}

@inproceedings{DBLP:conf/cade/Harrison06,
  author    = {John Harrison},
  title     = {Towards Self-verification of {HOL} {Light}},
  booktitle = {Automated Reasoning, Third International Joint
Conference, {IJCAR}
               2006, Seattle, WA, USA, August 17-20, 2006, Proceedings},
  year      = {2006},
  pages     = {177--191},
  crossref  = {DBLP:conf/cade/2006},
  url       = {http://dx.doi.org/10.1007/11814771_17},
  doi       = {10.1007/11814771_17},
  timestamp = {Fri, 31 Oct 2014 15:49:00 +0100},
  biburl    = {http://dblp.uni-trier.de/rec/bib/conf/cade/Harrison06},
  bibsource = {dblp computer science bibliography, http://dblp.org}
}

@proceedings{DBLP:conf/cade/2006,
  editor    = {Ulrich Furbach and
               Natarajan Shankar},
  title     = {Automated Reasoning, Third International Joint
Conference, {IJCAR}
               2006, Seattle, WA, USA, August 17-20, 2006, Proceedings},
  series    = {Lecture Notes in Computer Science},
  year      = {2006},
  volume    = {4130},
  publisher = {Springer},
  isbn      = {3-540-37187-7},
  timestamp = {Fri, 31 Oct 2014 15:49:00 +0100},
  biburl    = {http://dblp.uni-trier.de/rec/bib/conf/cade/2006},
  bibsource = {dblp computer science bibliography, http://dblp.org}
}




@book{kammuller1998formal,
  title={A Formal Proof of Sylow's Theorem: An Experiment in Abstract Algebra with Isabelle HOL},
  author={Kamm{\"u}ller, F. and Paulson, L.C.},
  series={Technical report},
  url={http://books.google.com/books?id=L1IkAQAAIAAJ},
  year={1998},
  publisher={University of Cambridge, Computer Laboratory}
}

% Use this for everything related to the current Flyspeck project.
@MISC{website:FlyspeckProject,
  key={Flyspeck},
  title = {{The Flyspeck Project}},
  year = {2014},
  note = {\url{https://github.com/flyspeck/flyspeck}}
}

% kumar2014hol
@inproceedings{DBLP:conf/itp/KumarAMO14,
  author    = {Ramana Kumar and
               Rob Arthan and
               Magnus O. Myreen and
               Scott Owens},
  title     = {{HOL} with Definitions: Semantics, Soundness, and a
Verified Implementation},
  booktitle = {Interactive Theorem Proving - 5th International Conference, {ITP}
               2014, Held as Part of the Vienna Summer of Logic, {VSL}
2014, Vienna,
               Austria, July 14-17, 2014. Proceedings},
  year      = {2014},
  pages     = {308--324},
  crossref  = {DBLP:conf/itp/2014},
  url       = {http://dx.doi.org/10.1007/978-3-319-08970-6_20},
  doi       = {10.1007/978-3-319-08970-6_20},
  timestamp = {Mon, 10 Nov 2014 23:50:46 +0100},
  biburl    = {http://dblp.uni-trier.de/rec/bib/conf/itp/KumarAMO14},
  bibsource = {dblp computer science bibliography, http://dblp.org}
}

@proceedings{DBLP:conf/itp/2014,
  editor    = {Gerwin Klein and
               Ruben Gamboa},
  title     = {Interactive Theorem Proving - 5th International Conference, {ITP}
               2014, Held as Part of the Vienna Summer of Logic, {VSL}
2014, Vienna,
               Austria, July 14-17, 2014. Proceedings},
  series    = {Lecture Notes in Computer Science},
  year      = {2014},
  volume    = {8558},
  publisher = {Springer},
  url       = {http://dx.doi.org/10.1007/978-3-319-08970-6},
  doi       = {10.1007/978-3-319-08970-6},
  isbn      = {978-3-319-08969-0},
  timestamp = {Mon, 10 Nov 2014 23:50:46 +0100},
  biburl    = {http://dblp.uni-trier.de/rec/bib/conf/itp/2014},
  bibsource = {dblp computer science bibliography, http://dblp.org}
}


@article{hales-bourbaki2014,
 title={Developments in Formal Proofs},
  author={Thomas Hales},
  journal={Bourbaki Seminar},
  number={1086},
  year={2014},
}

%%%
@article{Hales:2006:DCG,
  author = {Thomas C. Hales and Samuel  P. Ferguson},
  title = {The {Kepler} Conjecture},
  journal = {Discrete and Computational Geometry},
  year = {2006},
  volume = {36},
  pages = {1-269},
  number = {1}
}


@article{Marchal11,
year={2011},
issn={0025-5874},
journal={Mathematische Zeitschrift},
volume={267},
number={3-4},
doi={10.1007/s00209-009-0644-2},
title={Study of the {Kepler}â€™s conjecture: the problem of the closest packing},
url={http://dx.doi.org/10.1007/s00209-009-0644-2},
publisher={Springer-Verlag},
author={Marchal, Christian},
pages={737-765},
language={English}
}

@techreport{hales2011strong,
  title={The Strong Dodecahedral Conjecture and {Fejes T\'oth}'s Contact Conjecture},
  author={Hales, Thomas C},
  year={2011}
}

@book{moore2009introduction,
  title={Introduction to interval analysis},
  author={Moore, Ramon E and Kearfott, R Baker and Cloud, Michael J},
  year={2009},
  publisher={Siam}
}

%%%
@article{Hales:2008:formal,
author={Thomas C. Hales},
title={Formal proof},
journal={Notices of the AMS},
volume={55},
number={11},
year={December 2008},
pages={1370--1380},
}

%%%
@InProceedings{hales:DSP:2006:432,
  author =	{Thomas C. Hales},
  title =	{Introduction to the {F}lyspeck Project},
  booktitle =	{Mathematics, Algorithms, Proofs},
  year =	{2006},
  editor =	{Thierry Coquand and Henri Lombardi and Marie-Fran{\c{c}}oise Roy},
  number =	{05021},
  series =	{Dagstuhl Seminar Proceedings},
  ISSN =	{1862-4405},
  publisher =	{Internationales Begegnungs- und Forschungszentrum f{\"u}r Informatik (IBFI), Schloss Dagstuhl, Germany},
  address =	{Dagstuhl, Germany},
  note =		{\url{http://drops.dagstuhl.de/opus/volltexte/2006/432}},
  annote =	{Keywords: Certified proofs, Kepler conjecture}
}

%%%
@unpublished{wiedijk:encoding,
  title={Encoding the {HOL} {L}ight logic in {C}oq},
  author={Freek Wiedijk},
  note={\url{http://www.cs.ru.nl/~freek/notes/holl2coq.pdf}},
}

%%%
@book {wiedijk-17,
     TITLE = {The seventeen provers of the world},
    SERIES = {Lecture Notes in Computer Science},
    VOLUME = {3600},
    EDITOR = {Wiedijk, Freek},
      NOTE = {Foreword by Dana S. Scott,
              Lecture Notes in Artificial Intelligence},
 PUBLISHER = {Springer-Verlag},
   ADDRESS = {Berlin},
      YEAR = {2006},
     PAGES = {xvi+159},
      ISBN = {978-3-540-30704-4; 3-540-30704-4},
   MRCLASS = {68T15 (03B35)},
  MRNUMBER = {MR2251017 (2007d:68155)},
}

%%%
@INPROCEEDINGS{Nipkow:2005:Tame,
  author =  {Tobias Nipkow and Gertrud Bauer and P. Schultz},
  title = {{Flyspeck I: Tame Graphs}},
  booktitle = ijcar,
  year = {2006},
  editor = {Ulrich Furbach and Natarajan Shankar},
  volume = {4130},
  series = lncs,
  pages = {21--35},
  publisher = springer
}

%%%
@phdthesis{roland-thesis,
     author = "Roland Zumkeller",
      title = "Global Optimization in Type Theory",
     school = "\'Ecole Polytechnique Paris",
       year = 2008
}

@book{gordon1993introduction,
  title={Introduction to HOL: a theorem proving environment for higher order logic},
  author={Gordon, Michael JC and Melham, Tom F},
  year={1993},
  publisher={Cambridge University Press}
}

@misc{gordon1979edinburgh,
  title={Edinburgh {LCF}: a mechanized logic of computation, volume 78 of Lecture Notes in Computer Science},
  author={Gordon, Michael and Milner, Robin and Wadsworth, Christopher},
  year={1979},
  publisher={Springer-Verlag Heidelberg}
}

@incollection{adams2010introducing,
  title={Introducing {HOL} {Zero}},
  author={Adams, Mark},
  booktitle={Mathematical Software--ICMS 2010},
  pages={142--143},
  year={2010},
  publisher={Springer}
}


%%%
@phdthesis{russell-thesis,
     author = "Russell O'Connor",
      title = "Incompleteness \& Completeness: Formalizing Logic and Analysis in Type Theory",
     school = "Radboud University Nijmegen",
       year = 2009
}

%%%
@misc{website:sergei,
  author = {Roland Zumkeller},
  title = {{Sergei. A Global Optimization Tool}},
  year = {2009},
  note = {\url{http://code.google.com/p/sergei/}}
}

%%%
@incollection {roland-taylor,
   author = {Zumkeller, Roland},
   affiliation = {\'Ecole Polytechnique, 91128 Palaiseau Cedex, France},
   title = {Formal Global Optimisation with {T}aylor Models},
   booktitle = {Automated Reasoning},
   series = {Lecture Notes in Computer Science},
   editor = {Furbach, Ulrich and Shankar, Natarajan},
   publisher = {Springer Berlin / Heidelberg},
   isbn = {978-3-540-37187-8},
   keyword = {Computer Science},
   pages = {408-422},
   volume = {4130},
   url = {http://dx.doi.org/10.1007/11814771_35},
   year = {2006}
}

% to ssreflect first section: another automatic proof
@article{Bee,
    author = {Michael Beeson},
    title = {Automatic generation of a proof of the irrationality of $e$},
    journal = {Journal of Symbolic Computation},
    volume = {32},
    number = {4},
    pages = {333--349},
    year = {2001},
}

%%%
@book{BG94,
author={H. Bender and G. Glauberman},
title={Local analysis for the odd order theorem},
publisher={Cambridge University Press},
year={1994},
series={LMS},
volume={188},
}

%%%
@book{P00,
author={T. Peterfalvi},
title={Character theory for the odd order theorem},
publisher={Cambridge University Press},
series={LMS},
volume={272},
year={2000},
}


%%%
@inbook{Solovyev:LP,
 title={Efficient formal verification of bounds of linear programs},
 booktitle={Intelligent Computer Mathematics},
 author={Alexey Solovyev and Thomas C. Hales},
 publisher={Springer-Verlag},
 series={LNCS},
 volume={6824},
 year={2011},
 pages={123--132},
}

%%%
% isabelle uses a lot of automation
@inproceedings{Boehme-Nipkow-IJCAR10,
author={Sascha B\"ohme and Tobias Nipkow},
title={{Sledgehammer: Judgement Day}},
booktitle={Automated Reasoning (IJCAR 2010)},
editor={J. Giesl and R. H\"ahnle},
publisher={Springer},
series={LNCS},
volume={6173},
pages={107--121},
year={2010},
}


%%%
@unpublished{gonISSR,
author={G. Gonthier and A. Mahboubi},
title={An introduction to small scale reflection in {C}oq},
note={\url{http://hal.inria.fr/inria-00515548/}},
year={2011},
}


%%%
@unpublished{gonSSRE,
author={G. Gonthier and A. Mahboubi and E. Tassi},
title={A Small Scale Reflection Extension for the {C}oq system},
note={\url{http://hal.archives-ouvertes.fr/inria-00258384/}},
year={2011},
}

%%%
%% inria-00368403, version 2
%% http://hal.inria.fr/inria-00368403
@inproceedings{garillot:inria-00368403,
    hal_id = {inria-00368403},
    url = {http://hal.inria.fr/inria-00368403},
    title = {{Packaging Mathematical Structures}},
    author = {Garillot, Fran{\c c}ois and Gonthier, Georges and Mahboubi, Assia and Rideau, Laurence},
    abstract = {{This paper proposes generic design patterns to define and combine algebraic structures, using dependent records, coercions and type inference, inside the Coq system. This alternative to telescopes in particular allows multiple inheritance, maximal sharing of notations and theories, and automated structure inference. Our methodology is robust enough to support a hierarchy comprising a broad variety of algebraic structures, from types with a choice operator to algebraically closed fields. Interfaces for the structures enjoy the handiness of a classical setting, without requiring any axiom. Finally, we show how externally extensible some of these instances are by discussing a lemma seminal in defining the discrete logarithm, and a matrix decomposition problem.}},
    keywords = {Formalization of Algebra, Coercive subtyping, Type inference, Coq, SSReflect},
    language = {Anglais},
    affiliation = {Microsoft Research - Inria Joint Centre - MSR - INRIA , Microsoft Research [Cambridge] - Microsoft , TYPICAL - INRIA Saclay - Ile de France , MARELLE - INRIA Sophia Antipolis},
    booktitle = {{Theorem Proving in Higher Order Logics}},
    publisher = {Springer},
    address = {Munich, Allemagne},
    volume = {5674},
    editor = {Tobias Nipkow and Christian Urban },
    series = {Lecture Notes in Computer Science },
    audience = {internationale },
    year = {2009},
    pdf = {http://hal.inria.fr/inria-00368403/PDF/main.pdf},
}

%%%
% add to the reference to Sylow theorem in Coq by Thery
@inbook{gonMF,
author={G. Gonthier and A. Mahboubi and L. Rideau},
title={A modular formalisation of finite group theory},
booktitle={Theorem Proving In Higher Order Logics},
series={LNCS},
volume={4732},
year={2007},
publisher={Springer},
pages={86--101},
}

%%%
@misc{website:math-components,
  author = {Georges Gonthier},
  title = {{Mathematical Components}},
  year = {2012},
  note = {\url{http://www.msr-inria.inria.fr/Projects/math-components}}
}

% add to the website above
@inbook{gonAd,
author={Georges Gonthier},
title={Advances in the Formalization of the Odd Order Theorem},
booktitle={Interactive Theorem Proving},
series={LNCS},
volume={6898},
year={2011},
publisher={Springer},
pages={2},
}

%%%
% add to the ref above
@inbook{gonPMS,
author={F. Garillot and G. Gonthier and A. Mahboubi and L. Rideau},
title={Packaging mathematical structures},
booktitle={Theorem Proving In Higher Order Logics},
series={LNCS},
volume={5674},
year={2009},
publisher={Springer},
pages={327--342},
}

% in the introduction
@article{gonthier:2008:formal,
author={Georges Gonthier},
title={Formal proof -- the four colour theorem},
journal={Notices of the AMS},
volume={55},
number={11},
pages={1382--1393},
year={December 2008},
}

% Exact real numbers and verification
@inproceedings{julien:inria-00369511,
    hal_id = {inria-00369511},
    url = {http://hal.inria.fr/inria-00369511},
    title = {{Formal verification of exact computations using Newton's method}},
    author = {Julien, Nicolas and Pasca, Ioana},
    affiliation = {MARELLE - INRIA Sophia Antipolis},
    booktitle = {{Theorem Proving in Higher Order Logics}},
    publisher = {Springer},
    pages = {408-423},
    address = {Munich, Allemagne},
    volume = {5674},
    series = {LNCS },
    audience = {internationale },
    doi = {10.1007/978-3-642-03359-9\_28 },
    year = {2009},
    pdf = {http://hal.inria.fr/inria-00369511/PDF/main.pdf},
}

%%%
% to all refs of lin programs, nonlinear inequalities, introduction
@article{hales-algorithm,
    author = {Thomas C. Hales},
    title = {Some algorithms arising in the proof of the {K}epler Conjecture},
    journal = {Discrete and computational geometry},
    pages = {489--507},
    series = {Algorithms Combin.},
    volume = {25},
    publisher = {Springer},
    address = {Berlin},
    year = {2003},
}

%%%
% intro
@article{Hales:2006:overview,
  author={Thomas C. Hales},
  title={An overview of the {K}epler conjecture},
  year={2006},
  journal={Discrete and Computational Geometry},
  volume = {36},
  pages = {5--20},
  number = {1}
}

%%%
@inproceedings{Hales:2010:lin-prog,
author={Thomas C. Hales},
title={Linear Programs for the {K}epler {C}onjecture},
booktitle={Mathematical Software -- ICMS 2010},
year={2010},
month={September},
publisher={Springer},
editor={K. Fukuda and J. van der Hoeven and M. Joswig and N. Takayama},
}


%%%
@article{hales:2007:jordan,
 author={Thomas C. Hales},
 title={The {J}ordan Curve Theorem, formally and informally},
 journal={American Math. Monthly},
 volume={114},
 number={10},
 year={December 2007},
 pages={882-894},
}

%%%
% The main Flyspeck resource
@book{DSP,
author={Thomas C. Hales},
title={Dense Sphere Packings: a blueprint for formal proofs},
year={2012},
volume={400},
series={London Math Soc. Lecture Note Series},
publisher={Cambridge University Press},
}

%%%
% May cite in intro

@article{HalesHMNOZ10,
  author    = {Thomas C. Hales and
               John Harrison and
               Sean McLaughlin and
               Tobias Nipkow and
               Steven Obua and
               Roland Zumkeller},
  title     = {A Revision of the Proof of the {Kepler Conjecture}},
  journal   = {Discrete {\&} Computational Geometry},
  volume    = {44},
  number    = {1},
  year      = {2010},
  pages     = {1-34},
  ee        = {http://dx.doi.org/10.1007/s00454-009-9148-4},
  bibsource = {DBLP, http://dblp.uni-trier.de}
}

@incollection{adams2014flyspecking,
  title={Flyspecking {Flyspeck}},
  author={Adams, Mark},
  booktitle={Mathematical Software--ICMS 2014},
  pages={16--20},
  year={2014},
  publisher={Springer}
}


%%%
% cite in intro when I speak about definitions in HOL Light
@INPROCEEDINGS{harrison-ind,
        crossref        = {hol95},
        author          = "John Harrison",
        title           = "Inductive definitions: automation and application",
        pages           = "200--213"}
		

@PROCEEDINGS{hol95,
        editor          = "Phillip J. Windley and Thomas Schubert and
                           Jim Alves-Foss",
        booktitle       = "Higher Order Logic Theorem Proving and Its
                           Applications: Proceedings of the 8th
                           International Workshop",
        series          = "Lecture Notes in Computer Science",
        volume          = 971,
        address         = "Aspen Grove, Utah",
        date            = "11--14 September 1995",
        year            = 1995,
        publisher       = "Springer-Verlag"}

% intro: highlights of formal proofs
@article{harrison:2009:pnt,
   author={John Harrison},
   journal={Journal of Automated Reasoning},
   title={Formalizing an analytic proof of the Prime Number Theorem},
   volume={43},
   pages={243--261},
   year={2009},
}


%%%
% MESON: ssreflect first section
@inproceedings{harrison:meson,
author={John Harrison},
title={Optimizing Proof Search in Model Elimination},
year={1996},
booktitle={Proceedings of the 13th International Conference on Automated Deduction (CADE-13)},
publisher={Springer},
series={LNCS},
volume={1104},
pages={313--327},
}

% cite in intro, formal computations
@inproceedings{kaliszyk_p04_calc,
  author = {Cezary Kaliszyk and
               Freek Wiedijk},
  title = {Certified Computer Algebra on Top of an 
 Interactive Theorem Prover},
  booktitle = {Proc. of the 14th Symposium on the 
 Integration of Symbolic Computation and Mechanised Reasoning
  (Calculemus'07)},
  note={\url{http://score.cs.tsukuba.ac.jp/~kaliszyk/docs/kaliszyk_p04_calc.pdf}},
  year = {2007},
  pages = {94--105},
  publisher = {Springer Verlag},
  series = {LNCS},
  volume = {4573},
  editor = {Manuel Kauers and Manfred Kerber and 
  Robert Miner and Wolfgang Windsteiger},
}

%%%
@phdthesis{obua:phd,
  author = {Steven Obua},
  title = {Flyspeck {II}: The Basic Linear Programs},
  school = {Technische Universit{\"a}t M{\"u}nchen},
  year = {2008}
}

@INPROCEEDINGS{Obua:2005:Thesis,
  author = {Steven Obua},
  title = {Proving Bounds for Real Linear Programs in {I}sabelle/{HOL}},
  booktitle = tphols,
  year = {2005},
  editor = {J. Hurd and T. F. Melham},
  volume = {3603},
  series = lncs,
  pages = {227--244},
  publisher = springer
}

%%%
@article{ObuaN,
   author={Steven Obua and Tobias Nipkow},
   title={Flyspeck {II}: the basic linear programs},
   journal={Annals of Mathematics and Artificial Intelligence},
   volume={56},
   number={3--4},
  year={2009}
}

%%%
% ssreflect: intro
@InProceedings{obua:import,
  author={Steven Obua and Sebastian Skalberg},
  title={Importing {HOL} into {I}sabelle/{HOL}},
  booktitle={Automated Reasoning},
  year={2006},
  series={Lecture Notes in Computer Science},
  volume={4130},
  pages={298--302},
  publisher={Springer},
}

%%%
% SSReflect: intro
@inproceedings{kellerW10,
  author    = {Chantal Keller and
               Benjamin Werner},
  title     = {{Importing HOL Light into Coq}},
  booktitle = {Interactive Theorem Proving, First International Conference,
               ITP 2010, Edinburgh, UK, July 11-14, 2010. Proceedings},
  year      = {2010},
  pages     = {307-322},
  editor    = {Matt Kaufmann and
               Lawrence C. Paulson},
  volume    = {6172},
  series    = {Lecture Notes in Computer Science},
  publisher = {Springer},
}

%%%
% intro
@article{wiedijk:2008:formal,
author={Freek Wiedijk},
title={Formal Proof -- Getting Started},
journal={Notices of the AMS},
volume={55},
number={11},
pages={1408--1414},
year={December 2008},
}

%%%
@inproceedings{Wiedijk:2001:MLH:646528.695060,
 author = {Wiedijk, Freek},
 title = {{Mizar Light for HOL Light}},
 booktitle = {Proceedings of the 14th International Conference on Theorem Proving in Higher Order Logics},
 series = {TPHOLs '01},
 year = {2001},
 isbn = {3-540-42525-X},
 pages = {378--394},
 numpages = {17},
 url = {http://dl.acm.org/citation.cfm?id=646528.695060},
 acmid = {695060},
 publisher = {Springer-Verlag},
 address = {London, UK, UK},
} 

@ARTICLE{Wenzel02acomparison,
    author = {Markus Wenzel and Freek Wiedijk},
    title = {{A Comparison of the Mathematical Proof Languages Mizar and Isar}},
    journal = {Journal of Automated Reasoning},
    year = {2002},
    volume = {29},
    pages = {2002}
}

%%%
@inproceedings{Holland-Minkley:1999:VHF:315149.315304,
 author = {Holland-Minkley, Amanda M. and Barzilay, Regina and Constable, Robert L.},
 title = {Verbalization of high-level formal proofs},
 booktitle = {Proceedings of the sixteenth national conference on Artificial intelligence and the eleventh Innovative applications of artificial intelligence conference innovative applications of artificial intelligence},
 series = {AAAI '99/IAAI '99},
 year = {1999},
 isbn = {0-262-51106-1},
 location = {Orlando, Florida, United States},
 pages = {277--284},
 numpages = {8},
 url = {http://dl.acm.org/citation.cfm?id=315149.315304},
 acmid = {315304},
 publisher = {American Association for Artificial Intelligence},
 address = {Menlo Park, CA, USA},
} 

%%%
@INPROCEEDINGS{Wiedijk02formalproof,
    author = {Freek Wiedijk},
    title = {Formal Proof Sketches},
    booktitle = {In Proceedings of TYPESÂ’03, volume 3085 of LNCS},
    year = {2002},
    pages = {378--393},
    publisher = {Springer}
}

%%%
@Article{typesreal-article,
  Author         = {Herman Geuvers and Milad Niqui and Bas Spitters and Freek
                   Wiedijk},
  Title          = {Constructive analysis, types and exact real numbers (overview article)},
  Journal        = {Mathematical Structures in Computer Science},
  Volume	= 17,
  number	= 1,
  Pages          = {3--36},
  year           = 2007
}

%%%
% 100 theorems
@unpublished{wiedijk:100,
author = {Freek Wiedijk},
year={referenced 2012},
title= {Formalizing 100 Theorems},
note={\url{http://www.cs.ru.nl/~freek/100/}},
}

%%%
@article{DBLP:journals/corr/abs-1201-3601,
  author    = {Freek Wiedijk},
  title     = {A Synthesis of the Procedural and Declarative Styles of
               Interactive Theorem Proving},
  journal   = {Logical Methods in Computer Science},
  volume    = {8},
  number    = {1},
  year      = {2012},
  ee        = {http://dx.doi.org/10.2168/LMCS-8(1:30)2012},
  bibsource = {DBLP, http://dblp.uni-trier.de}
}

%%%
% intro
@article{Harrison:2008:formal,
author={John Harrison},
title={Formal proof -- Theory and Practice},
journal={Notices of the AMS},
volume={55},
number={11},
year={December 2008},
pages={1395--1406},
}

@inproceedings{adams2012recording,
  title={Recording and refactoring {HOL Light} tactic proofs},
  author={Adams, Mark and Aspinall, David},
  booktitle={Proceedings of the IJCAR workshop on Automated Theory Exploration},
  year={2012}
}

%%%

%%%
@book{nipkow:tutorial02,
  author    = {Tobias Nipkow and
               Lawrence C. Paulson and
               Markus Wenzel},
  title     = {{Isabelle/HOL} - A Proof Assistant for Higher-Order Logic},
  publisher = {Springer},
  series    = {Lecture Notes in Computer Science},
  volume    = {2283},
  year      = {2002},
  isbn      = {3-540-43376-7},
  bibsource = {DBLP, http://dblp.uni-trier.de}
}

%%%
% when I refer to q.e. procedures (don't forget Tarski)
@incollection {collins,
    AUTHOR = {Collins, George E.},
     TITLE = {Quantifier elimination for real closed fields by cylindrical
              algebraic decomposition},
 BOOKTITLE = {Automata theory and formal languages ({S}econd {GI} {C}onf.,
              {K}aiserslautern, 1975)},
     PAGES = {134--183. Lecture Notes in Comput. Sci., Vol. 33},
 PUBLISHER = {Springer},
   ADDRESS = {Berlin},
      YEAR = {1975},
   MRCLASS = {02H15 (12D15 68A20 02J15)},
  MRNUMBER = {MR0403962 (53 \#7771)},
MRREVIEWER = {Jo Ann Howell},
}

%%%
% tarski
@book {tarski-decision,
    AUTHOR = {Tarski, A.},
     TITLE = {A decision method for elementary algebra and geometry},
      NOTE = {2nd ed},
 PUBLISHER = {University of California Press},
   ADDRESS = {Berkeley and Los Angeles, Calif.},
      YEAR = {1951},
     PAGES = {iii+63},
   MRCLASS = {02.0X},
  MRNUMBER = {MR0044472 (13,423a)},
}


%%%
% refer to it when verifying nonlinear ineqs
@incollection {harrison-euclidean,
    AUTHOR = {Harrison, John},
     TITLE = {A {HOL} theory of {E}uclidean space},
 BOOKTITLE = {Theorem proving in higher order logics},
    SERIES = {Lecture Notes in Comput. Sci.},
    VOLUME = {3603},
     PAGES = {114--129},
 PUBLISHER = {Springer},
   ADDRESS = {Berlin},
      YEAR = {2005},
   MRCLASS = {68T15},
  MRNUMBER = {MR2197008},
}

%%%
% SOS
@incollection{harrison-sos,
 AUTHOR={John Harrison},
 title= {Verifying nonlinear real formulas via sums of squares},
 editor={K.~Schneider and J.~Brandt},  
 booktitle={Proceedings of the 20th
  International Conference on Theorem Proving in Higher Order Logics, TPHOLs
  2007}, 
  volume={4732}, 
  series= {Lecture Notes in Computer Science}, 
  pages = {102--118}, 
  address=  {Kaiserslautern, Germany},
  year={2007},
 publisher= {Springer-Verlag},
}

%%%
% quantifier elimination
@incollection {mclaughlin-harrison,
    AUTHOR = {McLaughlin, Sean and Harrison, John},
     TITLE = {A proof-producing decision procedure for real arithmetic},
 BOOKTITLE = {Automated deduction---{CADE}-20},
    SERIES = {Lecture Notes in Comput. Sci.},
    VOLUME = {3632},
     PAGES = {295--314},
 PUBLISHER = {Springer},
   ADDRESS = {Berlin},
      YEAR = {2005},
   MRCLASS = {03B35 (03C10 68T15)},
  MRNUMBER = {MR2202724},
}

% when I say that direct verification of f-p is difficult
@ARTICLE{Monniaux:2008:TOPLAS,
  author = {David Monniaux},
  title = {The pitfalls of verifying floating-point
                  computations},
  journal = {TOPLAS},
  fjournal = {ACM Transactions on programming languages and systems},
  year = 2008,
  month = MAY,
  publisher = {ACM},
  fpublisher = {Association for Computing Machinery},
  volume = 30,
  number = 3,
  pages = 12,
}

%%%
% when I talk about IEEE 754 and f.-p. problems
@Article{Goldberg:1990:ACM,
  author =	"David Goldberg",
  title =	"What every computer scientist should know about
		 floating-point arithmetic",
  journal =	"ACM Computing Surveys",
  year = 	1990,
  volume =	23,
  number =	1,
  pages =	"5--48",
  month =	mar,
}

%%%
@ARTICLE{interval-arith,
    author = {R. B. Kearfott},
    title = {Interval Computations: Introduction, Uses, and Resources},
    journal = {Euromath Bulletin},
    year = {1996},
    volume = {2},
    pages = {95--112}
}

%%%
% IEEE 754
@Book{IEEE:1985:IEE754,
  author =	"{IEEE Standards Committee 754}",
  title =	"{IEEE} Standard for binary floating-point arithmetic,
		 {ANSI}/{IEEE} {S}tandard 754-1985",
  year = 	"1985",
  publisher =	"Institute of Electrical and Electronics Engineers, New
		 York"
}

%%%
% SSReflect: Java
@Misc{website:Java,
  key = "Java",
  note = 	"\url{http://www.java.com/}",
  title =	"Java programming language",
}

%%%
@misc{ampl,
	key={AMPL},
	title={{AMPL} Modeling Language for Mathematical Programming},
	note = {\url{http://www.ampl.com}}
}

%%%

@inproceedings{DBLP:conf/flops/HaftmannN10,
  author    = {Florian Haftmann and
               Tobias Nipkow},
  title     = {Code Generation via Higher-Order Rewrite Systems},
  booktitle = {Functional and Logic Programming, 10th International Symposium, {FLOPS}
               2010, Sendai, Japan, April 19-21, 2010. Proceedings},
  year      = {2010},
  pages     = {103--117},
  url       = {http://dx.doi.org/10.1007/978-3-642-12251-4_9},
  doi       = {10.1007/978-3-642-12251-4_9},
  timestamp = {Tue, 11 Nov 2014 21:01:59 +0100},
  biburl    = {http://dblp.uni-trier.de/rec/bib/conf/flops/HaftmannN10},
  bibsource = {dblp computer science bibliography, http://dblp.org}
}


%%%
@MISC{lpsolve,
	key = {LPSOLVE},
  title = {{Mixed Integer Linear Programming (MILP) solver}}, 
  note = {\url{http://sourceforge.net/projects/lpsolve/}}
}

% General f.-p.
@INPROCEEDINGS{harrison-hol99,
        crossref        = "hol99",
        author          = "John Harrison",
        title           = "A Machine-Checked Theory of Floating Point
                           Arithmetic",
        pages           = "113--130"}

@PROCEEDINGS{hol99,
        editor          = "Yves Bertot and Gilles Dowek and Andr{\'e}
                           Hirschowitz and Christine Paulin and
                           Laurent Th{\'e}ry",
        booktitle       = "Theorem Proving in Higher Order Logics:
                           12th International Conference, TPHOLs'99",
        series          = "Lecture Notes in Computer Science",
        volume          = 1690,
        address         = "Nice, France",
        date            = "September 1999",
        year            = 1999,
        publisher       = "Springer-Verlag"}

%%%
% When talk about decl and proc proofs mention this work:
% A more comprehensive discussion of declarative and procedural proof styles can
% be found at [ref].
@INPROCEEDINGS{harrison-style,                                      
        crossref        = "types96",
        author          = "John Harrison",
        title           = "Proof Style",
        pages           = "154--172"}

@PROCEEDINGS{types96,                                                      
        editor          = "Eduardo Gim{\'e}nex and Christine Pausin-Mohring",   
        booktitle       = "Types for Proofs and Programs: International 
                           Workshop {TYPES'96}",                               
        series          = "Lecture Notes in Computer Science",                                     
        volume          = 1512,                                    
        address         = "Aussois, France",                                  
        date            = "15--19 September 1996",                          
        year            = 1996,                                               
        publisher       = "Springer-Verlag"}   

%%%
% ref when talking about Miz3: based on an early work by J. Harrison
@INPROCEEDINGS{harrison-mizar,
        author          = "John Harrison",
        title           = "A {M}izar Mode for {HOL}",
        pages           = "203--220",
        editor          = "Joakim von Wright and Jim Grundy and John Harrison",
        booktitle       = "Theorem Proving in Higher Order Logics:
                           9th International Conference, TPHOLs'96",
        series          = "Lecture Notes in Computer Science",
        volume          = 1125,
        address         = "Turku, Finland",
        date            = "26--30 August 1996",
        year            = 1996,
        publisher       = "Springer-Verlag"}

%%%
@MANUAL{Harrison:2000:HOL-Light,
  title = {{The HOL Light manual}},
  author = {John Harrison},
  note = {\url{http://www.cl.cam.ac.uk/~jrh13/hol-light/reference.pdf}}
}

%%%
@article{karatsuba1995complexity,
  title={The complexity of computations},
  author={Karatsuba, A.A.},
  journal={Proceedings of the Steklov Institute of Mathematics-Interperiodica Translation},
  volume={211},
  pages={169--183},
  year={1995},
  publisher={Providence, RI: American Mathematical Society}
}


%%%
% coq
@book{COQ,
    author = {Y. Bertot and P. Cast\'eran},
    title = {Interactive Theorem Proving and Program Development {Coq'Art}: The Calculus of Inductive Constructions},
    journal = {Texts in Theoretical Compuer Science}, 
    publisher = {Springer},
    year = {2004}
}

%%%
@misc{coq-web,
	key = {Coq},
	title = {The {C}oq Proof Assistant},
	note = {\url{http://coq.inria.fr/}},
}

%%%
@misc{twelf,
	key = {Twelf},
	title = {{The Twelf Project}},
	note = {\url{http://twelf.org}},
}


%%%
@article{Mc2,
    author = {W. McCune},
    title = {Solution of the {R}obbins Problem},
    journal = {JAR},
    volume = {19},
    number = {3},
    pages = {263--276},
    year = {1997},
}

%%%
% mizar
@misc{Mizar,
    key={Miz},
    title = {Mizar Home Page},
    note = {http://mizar.org/},
}

%%%
% isabelle
@misc{Isa,
    key={Isa},
    title = {Isabelle},
    note = {http://isabelle.in.tum.de/},
}

%%%
@misc{HOLL,
    author = {John Harrison},
    title = {The {HOL} {L}ight theorem prover},
    note = {\url{http://www.cl.cam.ac.uk/~jrh13/hol-light/index.html}},
    year={2014},
}



%%%
@misc{mixed-partial,
    author = {Joel Feldman},
    title = {Equality of Mixed Partial Derivatives},
    note = {\url{http://www.math.ubc.ca/~feldman/m200/mixed.pdf}}
}

%%%
@misc{decimal,
	key={DECIMAL},
    title = {decimal {(C\# Reference)}},
    note = {\url{http://msdn.microsoft.com/en-us/library/364x0z75.aspx}}
}

%%%
@misc{ocaml,
	key = {Caml},
    title = {{The Caml Language}},
    note = {\url{http://caml.inria.fr/}}
}

%%%
@misc{PVS,
	key = {PVS},
    title = {{PVS Specification and Verification System}},
    note = {\url{http://pvs.csl.sri.com/}}
}

@misc{cpdt,
	author = {Adam Chlipala},
	year = 2009,
    title = {Certified Programming with Dependent Types},
    note = {\url{http://adam.chlipala.net/cpdt/}}
}

%%%
@misc{sylow-notes,
	author = {Keith Conrad},
	year = 2012,
    title = {{The Sylow Theorems}},
    note = {\url{http://www.math.uconn.edu/~kconrad/blurbs/grouptheory/sylowpf.pdf}}
}

%%%
@misc{lambda-calculus,
	author = {Ralph Loader},
	year = 1998,
    title = {Notes on Simply Typed Lambda Calculus},
    note = {\url{http://www.lfcs.inf.ed.ac.uk/reports/98/ECS-LFCS-98-381/}}
}

%%%
@misc{nonlinear-manual,
	author = {Alexey Solovyev},
	year = 2012,
    title = {A Tool for Formal Verification of Nonlinear Inequalities},
    note = {\url{https://github.com/flyspeck/flyspeck/tree/master/downloads/}}
}


%%%
@misc{hol4,
	key={Hol4},
    title = {{HOL4}},
    note = {\url{http://hol.sourceforge.net}}
}

%%%
@misc{haskell,
	key={Haskell},
	title={The {H}askell Programming Language},
	note={\url{http://www.haskell.org}}
}

%%%
@misc{ssreflect-hollight-manual,
	author = {Alexey Solovyev},
	year = 2012,
    title = {{SSReflect/HOL} {L}ight reference manual (v1.1)},
    note = {\url{https://github.com/flyspeck/flyspeck/tree/master/downloads/}}
}


%%%
@incollection {metitarski-future,
   author = {Paulson, Lawrence},
   affiliation = {Computer Laboratory, University of Cambridge, England},
   title = {{MetiTarski}: Past and Future},
   booktitle = {Interactive Theorem Proving},
   series = {Lecture Notes in Computer Science},
   editor = {Beringer, Lennart and Felty, Amy},
   publisher = {Springer Berlin / Heidelberg},
   isbn = {978-3-642-32346-1},
   keyword = {Computer Science},
   pages = {1-10},
   volume = {7406},
   url = {http://dx.doi.org/10.1007/978-3-642-32347-8_1},
   year = {2012}
}

%%%
@incollection {metitarski-prover,
   author = {Akbarpour, Behzad and Paulson, Lawrence},
   affiliation = {University of Cambridge Computer Laboratory England},
   title = {{MetiTarski}: An Automatic Prover for the Elementary Functions},
   booktitle = {Intelligent Computer Mathematics},
   series = {Lecture Notes in Computer Science},
   editor = {Autexier, Serge and Campbell, John and Rubio, Julio and Sorge, Volker and Suzuki, Masakazu and Wiedijk, Freek},
   publisher = {Springer Berlin / Heidelberg},
   isbn = {978-3-540-85109-7},
   keyword = {Computer Science},
   pages = {217-231},
   volume = {5144},
   url = {http://dx.doi.org/10.1007/978-3-540-85110-3_18},
   year = {2008}
}

%%%
@inproceedings{Nipkow-TYPES02,author={Tobias Nipkow},
title={{Structured Proofs in Isar/HOL}},
booktitle={Types for Proofs and Programs (TYPES 2002)},
editor={H. Geuvers and F. Wiedijk},
year=2003,publisher=Springer,series=LNCS,volume=2646,pages={259-278}}


%%%
@inproceedings{harrison-sfm,
        author          = "John Harrison",
        title           = "Floating-Point Verification using Theorem Proving",
        editor          = "Marco Bernardo and Alessandro Cimatti",
        booktitle       = "Formal Methods for Hardware Verification,
                           6th International School on Formal Methods for
                           the Design of Computer, Communication, and
                           Software Systems, SFM 2006",
        address         = "Bertinoro, Italy",
        date            = "May 2006",
        publisher       = "Springer-Verlag",
        series          = "Lecture Notes in Computer Science",
        volume          = 3965,
        year            = 2006,
        pages           = "211--242"}

	
%%%
@article{MN12,
      Author = "C{\'{e}}sar Mu{\~{n}}oz and Anthony Narkawicz",
      Title  = "Formalization of a Representation of {B}ernstein Polynomials and Applications to Global Optimization",
      Journal = "Journal of Automated Reasoning",
      doi      = "10.1007/s10817-012-9256-3",
      publisher = "Springer",
      url      = "http://dx.doi.org/10.1007/s10817-012-9256-3",
      note = "Accepted for publication",
      year = {2012}}

%%%	  
@Article{DLM09,
      Author = "Marc Daumas and David Lester and  C{\'{e}}sar Mu{\~{n}}oz",
      Title  = "Verified Real Number Calculations: A Library for Interval 
                Arithmetic",
      Journal = "IEEE Transactions on Computers",
      Volume = "58",
      Number= "2",
      Pages= "226--237",
      Month="February",
      year = {2009}}
	  

%%%	  
%% inria-00113750, version 2
%% http://hal.inria.fr/inria-00113750
@techreport{thery:inria-00113750,
    hal_id = {inria-00113750},
    url = {http://hal.inria.fr/inria-00113750},
    title = {{Formalising Sylow's theorems in Coq}},
    author = {Thery, Laurent and Rideau, Laurence},
    abstract = {{This report presents a formalisation of Sylow's theorems done in Coq. The formalisation has been done in a couple of weeks on top of Georges Gonthier's ssreflect. There were two ideas behind formalising Sylow's theorems. The first one was to get familiar with Georges way of doing proofs. The second one was to contribute to the collective effort to formalise a large subset of group theory in Coq with some non-trivial proofs.}},
    keywords = {Group theory; Sylow's theorems; Formalisation of mathematics},
    language = {English},
    affiliation = {MARELLE - INRIA Sophia Antipolis},
    pages = {23},
    type = {Technical Report},
    institution = {INRIA},
    number = {RT-0327},
    year = {2006},
    pdf = {http://hal.inria.fr/inria-00113750/PDF/RT-0327.pdf},
}


%%%
@BOOK{harrison-thesis,
        author          = "John Harrison",
        title           = "Theorem Proving with the Real Numbers",
        publisher       = "Springer-Verlag",
        year            = 1998}

%%%
@incollection{exact-real-arbitrary-base,
year={2008},
isbn={978-3-540-78968-0},
booktitle={Functional and Logic Programming},
volume={4989},
series={Lecture Notes in Computer Science},
editor={Garrigue, Jacques and Hermenegildo, ManuelV.},
doi={10.1007/978-3-540-78969-7_6},
title={Certified Exact Real Arithmetic Using Co-induction in Arbitrary Integer Base},
url={http://dx.doi.org/10.1007/978-3-540-78969-7_6},
publisher={Springer Berlin Heidelberg},
author={Julien, Nicolas},
pages={48-63}
}

%%%
@inproceedings{coq-imperative,
 author = {Armand, Micha\"{e}l and Gr{\'e}goire, Benjamin and Spiwack, Arnaud and Th{\'e}ry, Laurent},
 title = {Extending {C}oq with imperative features and its application to {SAT} verification},
 booktitle = {Proceedings of the First international conference on Interactive Theorem Proving},
 series = {ITP'10},
 year = {2010},
 isbn = {3-642-14051-3, 978-3-642-14051-8},
 location = {Edinburgh, UK},
 pages = {83--98},
 numpages = {16},
 url = {http://dx.doi.org/10.1007/978-3-642-14052-5_8},
 doi = {10.1007/978-3-642-14052-5_8},
 acmid = {2176739},
 publisher = {Springer-Verlag},
 address = {Berlin, Heidelberg},
} 

%%%
@inproceedings{coq-modular,
 author = {Gr{\'e}goire, Benjamin and Th{\'e}ry, Laurent},
 title = {A purely functional library for modular arithmetic and its application to certifying large prime numbers},
 booktitle = {Proceedings of the Third international joint conference on Automated Reasoning},
 series = {IJCAR'06},
 year = {2006},
 isbn = {3-540-37187-7, 978-3-540-37187-8},
 location = {Seattle, WA},
 pages = {423--437},
 numpages = {15},
 url = {http://dx.doi.org/10.1007/11814771_36},
 doi = {10.1007/11814771_36},
 acmid = {2136153},
 publisher = {Springer-Verlag},
 address = {Berlin, Heidelberg},
} 

%%%
@inproceedings{connor-real,
 author = {O'Connor, Russell},
 title = {Certified Exact Transcendental Real Number Computation in {C}oq},
 booktitle = {Proceedings of the 21st International Conference on Theorem Proving in Higher Order Logics},
 series = {TPHOLs '08},
 year = {2008},
 isbn = {978-3-540-71065-3},
 location = {Montreal, P.Q., Canada},
 pages = {246--261},
 numpages = {16},
 url = {http://dx.doi.org/10.1007/978-3-540-71067-7_21},
 doi = {10.1007/978-3-540-71067-7_21},
 acmid = {1459808},
 publisher = {Springer-Verlag},
 address = {Berlin, Heidelberg},
} 

%%%
@INPROCEEDINGS{harrison-holhol,
        author          = "John Harrison",
        title           = "Towards self-verification of {HOL Light}",
        editor          = "Ulrich Furbach and Natarajan Shankar",
        booktitle       = "Proceedings of the third International Joint 
                           Conference, IJCAR 2006",
        address         = "Seattle, WA",
        year            = 2006,
        publisher       = "Springer-Verlag",
        series          = "Lecture Notes in Computer Science",
        volume          = 4130,
        pages           = "177--191"}


@incollection{Solovyev:NFM2013,
  author={Solovyev, Alexey and Hales, Thomas C.},
  title={{Formal Verification of Nonlinear Inequalities with Taylor Interval 	Approximations}},
  year={2013},
  booktitle={NFM},
  volume={7871},
  series={LNCS},
  pages={383-397}
}

@article{Tange2011a,
  title = {{GNU} Parallel - The Command-Line Power Tool},
  author = {O. Tange},
  address = {Frederiksberg, Denmark},
  journal = {;login: The USENIX Magazine},
  month = {Feb},
  number = {1},
  volume = {36},
  url = {http://www.gnu.org/s/parallel},
  year = {2011},
  pages = {42-47}
}


@book{Kep66,
   author={J. Kepler},
   title={The Six-cornered snowflake},
   publisher={Oxford Clarendon Press},
   year={1966},
   note={forward by L. L. Whyte},
}

@Book{Fej53,
  author =    {L. {Fejes T{\'o}th}},
  title =        {{L}agerungen in der {E}bene auf der {K}ugel und im {R}aum},
  publisher =    springer,
  year =         1953,
  address =   {Berlin-New York},
  edition =   {first},
}



@inbook{LagKC,
author={J. Lagarias},
title={The {Kepler} Conjecture and its proof},
booktitle={The {Kepler} conjecture: The {Hales-Ferguson} proof},
year={2009},
publisher={Springer},
pages={3--26},
}




@INPROCEEDINGS{Nipkow:2005:Tame,
  author =  {T. Nipkow and G. Bauer and P. Schultz},
  title = {{Flyspeck I: Tame Graphs}},
  booktitle = ijcar,
  year = {2006},
  editor = {Ulrich Furbach and Natarajan Shankar},
  volume = {4130},
  series = lncs,
  pages = {21--35},
  publisher = springer
}

@incollection{harrison2009hol,
  title={{HOL Light}: An overview},
  author={Harrison, John},
  booktitle={Theorem Proving in Higher Order Logics},
  pages={60--66},
  year={2009},
  publisher={Springer}
}




@incollection{gonthier2013machine,
  title={A machine-checked proof of the odd order theorem},
  author={Gonthier, Georges and Asperti, Andrea and Avigad, Jeremy and Bertot, Yves and Cohen, Cyril and Garillot, Fran{\c{c}}ois and Le Roux, St{\'e}phane and Mahboubi, Assia and O'Connor, Russell and Biha, Sidi Ould and others},
  booktitle={Interactive Theorem Proving},
  pages={163--179},
  year={2013},
  publisher={Springer}
}

@article{CC,
    author = {Xavier Leroy},
    title = {Formal certification of a compiler back-end, or: programming a compiler with a proof assistant},
    journal = {33rd ACM symposium on Principles of Programming Languages},
    pages = {42--54},
    publisher = {ACM Press},
    year = {2006},
    note = {http://compcert.inria.fr/},
}

@article{sel4,
author={Gerwin Klein, June Andronick, Kevin Elphinstone, Toby Murray, Thomas Sewell, Rafal Kolanski and Gernot Heiser},
title={Comprehensive formal verification of an {OS} microkernel},
journal={ACM Transactions on Computer Systems}, 
volume={32},
number ={1},
pages={2:1--2:70}, 
year={February, 2014},
}

@InProceedings{McLaughlin:2006:IJCAR,
  title =	"An Interpretation of {I}sabelle/{HOL} in {HOL} {L}ight",
  author =	"Sean McLaughlin",
  booktitle =	"IJCAR",
  publisher =	"Springer",
  year = 	"2006",
  volume =	"4130",
  editor =	"Ulrich Furbach and Natarajan Shankar",
  pages =	"192--204",
  series =	"Lecture Notes in Computer Science",
}


@MISC{website:GLPK,
  key ={GLPK},
  title = {{GLPK (GNU Linear Programming Kit)}}, 
  note = {\url{http://www.gnu.org/software/glpk/}}
}




@article{Hales-Annals,author={Hales, Thomas C.},
title={A proof of the {Kepler} conjecture},journal={Annals of Mathematics},
volume=162,year=2005,pages={1063--1183}}

@book{LNCS2283,
author={Tobias Nipkow and Lawrence Paulson and Markus Wenzel},
title="{Isabelle/HOL} --- A Proof Assistant for {Higher-Order Logic}",
publisher=Springer,
series=LNCS,
volume=2283,
year=2002,
note={\url{http://www.in.tum.de/~nipkow/LNCS2283/}}
}


@inproceedings{NipkowBS-IJCAR06,
author={Tobias Nipkow and Gertrud Bauer and Paula Schultz},
title={Flyspeck {I}: Tame Graphs},
booktitle="Automated Reasoning (IJCAR 2006)",
editor="U. Furbach and N. Shankar",
publisher=Springer,series=LNCS,volume={4130},pages={21--35},year=2006}



@PhdThesis{Magron:3013:Thesis,
  title =	"Formal Proofs for Global Optimization -- Templates and Sums of Squares",
  author =	"Victor Magron",
  school =	"\'Ecole Polytechnique",
  year = 	"2013",
}

@PhdThesis{Solovyev-thesis,
 author= {Alexey Solovyev},
 year={2012},
 title={Formal Methods and Computations},
 school= {University of Pittsburgh},
 note={\url{http://d-scholarship.pitt.edu/16721/}},
}

@inproceedings{KaliszykK13,
  author =       {Cezary Kaliszyk and Alexander Krauss},
  title =        {Scalable {LCF}-style proof translation},
  ee        = {http://dx.doi.org/10.1007/978-3-642-39634-2_7},
  booktitle = {Proc. of the 4th International Conference on
Interactive Theorem Proving (ITP'13)},
  publisher = {Springer},
  series    = {LNCS},
  volume    = {7998},
  pages = {51-66},
  year = {2013},
  editor = {Sandrine Blazy and Christine Paulin-Mohring and David Pichardie},
}

@Book{Kepler11,
author = {Johannes Kepler},
title = {Strena seu de nive sexangula},
publisher = {Frankfurt: Gottfried. Tampach},
year = { 1611 },
}

@article{KaliszykU2014,
title = "Learning-assisted theorem proving with millions of lemmas ",
journal = "Journal of Symbolic Computation ",
volume = "",
number = "0",
pages = " - ",
year = "2014",
note = "",
issn = "0747-7171",
doi = "http://dx.doi.org/10.1016/j.jsc.2014.09.032",
url = "http://www.sciencedirect.com/science/article/pii/S074771711400100X",
author = "Cezary Kaliszyk and Josef Urban"
}


@PhdThesis{Bauer:2006:Thesis,
  author =       {Gertrud Bauer},
  title =        {Formalizing Plane Graph Theory -- Towards a Formalized Proof
                 of the {Kepler} Conjecture},
  school =       {Technische Universit\"at M\"unchen},
  note={\url{http://mediatum.ub.tum.de/doc/601794/document.pdf}},
  year =         2006}

@INPROCEEDINGS{harrison-wlog,
        crossref        = "hol09",
        author          = "John Harrison",
        title           = "Without Loss of Generality",
        pages           = "43--59"}

@PROCEEDINGS{hol09,
        editor          = "Stefan Berghofer and Tobias Nipkow and
                           Christian Urban and Makarius Wenzel",
        booktitle       = "Proceedings of the 22nd International Conference on
                           Theorem Proving in Higher Order Logics,
                           TPHOLs 2009",
        address         = "Munich, Germany",
        year            = 2009,
        publisher       = "Springer-Verlag",
        series          = "Lecture Notes in Computer Science",
        volume          = 5674}



@incollection{BauerN-AFP06,
  author =       {Gertrud Bauer and Tobias Nipkow},
  title =        {Flyspeck {I}: Tame Graphs},
  booktitle =    {The Archive of Formal Proofs},
  editor =       {G. Klein and T. Nipkow and L. Paulson},
  publisher =    {\url{http://afp.sf.net/entries/Flyspeck-Tame.shtml}},
  month =        May,
  year =         2006,
  note =         {Formal proof development}
}


@inproceedings{Nipkow-ITP11,author={Tobias Nipkow},
title={Verified Efficient Enumeration of Plane Graphs Modulo Isomorphism},
booktitle={Interactive Theorem Proving (ITP 2011)},
editor={Van Eekelen and Geuvers and Schmaltz and Wiedijk},
publisher=Springer,series=LNCS,volume=6898,pages={281-296},year=2011}

@inproceedings{Klein-SOSP09,
author = {Gerwin Klein and Kevin Elphinstone and Gernot Heiser and
  June Andronick and David Cock and Philip Derrin and Dhammika Elkaduwe and
  Kai Engelhardt and Rafal Kolanski and Michael Norrish and Thomas Sewell and
  Harvey Tuch and Simon Winwood},
  title     = {{seL4}: formal verification of an {OS} kernel},
  booktitle = {Proc.\ 22nd ACM Symposium on Operating Systems Principles 2009},
  year      = {2009},
  pages     = {207-220},
  editor    = {Jeanna Neefe Matthews and Thomas E. Anderson},
  publisher = {ACM}
}
